3600 5584
738 349 947 412 PRAEFATIO
1426 371 1492 413 xnus

192 533 268 600 mihi
297 535 449 621 permisit
479 534 652 622 inscripta:
713 533 754 597 ‘E
787 533 951 599 Prisciani
980 533 1065 598 libro
1100 533 1220 598 XVIII
1245 537 1315 599 sive
1346 533 1386 598 de
1416 557 1490 600 con-

195 635 369 701 structione
386 644 589 724 excerptum,
615 657 658 683 —·
689 635 777 700 Vsus
799 635 940 700 Latinus
959 635 1087 701 Gracco
1109 636 1144 699 in
1165 636 1316 700 omnibus
1340 635 1490 722 pertibus

192 737 352 820 collatus,
375 737 446 802 vidi
469 737 512 800 iis
537 739 643 802 inesse
665 745 847 802 extremam
867 737 926 806 lib.
949 737 1069 802 XVIII
1091 744 1219 824 partem
1241 736 1318 800 inde
1340 739 1402 817 a&
1431 741 1490 802 157

193 839 396 905 emendatam
416 859 490 903 cum
511 837 554 902 cd
577 837 694 920 libros,
723 838 842 926 quibus
866 847 899 902 et
923 840 993 926 ipse
1015 860 1094 904 usus
1115 859 1223 920 erem,
1250 835 1490 922 Lugdunenses

192 951 223 1005 et
254 940 488 1006 Grutcricnum
522 945 557 1002 et
582 937 799 1022 Vossianum,
828 949 897 1004 tum
926 939 970 1004 sd
1003 940 1203 1006 editionis
1229 937 1488 1003 Basileensis

192 1041 435 1128 exemplum,
458 1040 694 1128 ‘quodcum
716 1065 784 1106 ms.
802 1063 823 1106 s
845 1039 1065 1127 Scaligero
1084 1041 1288 1106 collatum
1302 1061 1409 1105 nnnc
1430 1041 1490 1104 bi-

191 1141 444 1208 bliothecam
466 1141 733 1208 Bodleienum
756 1147 903 1210 ornet)
954 1143 1071 1229 quodsi
1096 1141 1202 1207 editor
1222 1141 1351 1228 Anglus
1373 1142 1488 1207 ‘Scali-

190 1243 256 1328 geri
275 1242 409 1308 librum’
438 1245 486 1307 uit
509 1249 541 1306 ‘a
559 1242 715 1308 Putschio
739 1245 923 1310 adhibitum
944 1267 1036 1328 esso,
1067 1245 1165 1310 certis
1189 1243 1386 1332 quibusdum
1405 1243 1488 1308 indi-

190 1345 248 1408 ciis
266 1343 541 1430 deprehendimus
549 1354 571 1428 ',
591 1344 800 1410 adiciendum
822 1355 889 1429 est,
915 1347 1023 1434 ipsum
1045 1345 1236 1410 Putschium
1258 1353 1292 1409 ct
1319 1345 1355 1408 in
1376 1353 1486 1408 sucto-

190 1467 260 1510 rum
285 1443 415 1531 syllsbo
434 1467 587 1530 narrare,
618 1467 660 1512 ex
680 1445 811 1534 Iosephi
834 1447 995 1534 Scaligcri
1016 1446 1102 1512 libro
1124 1447 1253 1512 Graeca
1272 1445 1426 1532 pleraque
1453 1445 1511 1508 in.

189 1546 281 1610 libris
304 1547 373 1628 περὶ
395 1543 559 1622 συντάξεως
581 1569 654 1612 esse
677 1549 848 1632 restitute,
879 1560 913 1614 et
941 1549 1075 1614 uberius
1103 1550 1139 1613 in
1164 1545 1306 1638 epistula
1329 1545 1371 1610 sd
1396 1545 1488 1610 Isco-

189 1647 266 1711 bum
289 1647 509 1734 Bongsrsium
534 1650 599 1736 ipsi
622 1649 791 1716 Prisciano
814 1671 872 1716 suo
892 1651 1109 1739 praemissu“
1133 1669 1315 1736 exponere,
1345 1649 1380 1711 in
1405 1648 1488 1735 ipsis

189 1747 240 1812 his
261 1747 357 1812 libris
379 1749 442 1814 sibi
469 1751 619 1838 inprimis
643 1752 719 1816 usui
750 1751 871 1836 luisse,
904 1775 988 1840 quse
1018 1774 1062 1816 ex
1088 1750 1305 1816 illustrissimi
1327 1748 1487 1834 Sceligeri

190 1847 301 1914 codice
323 1853 523 1938 transcripte
542 1851 585 1916 sd
612 1873 647 1916 se
667 1853 793 1916 miserit
814 1834 996 1919 Cornelius
1010 1875 1077 1920 ven
1098 1851 1201 1937 Dcle,
1227 1860 1387 1936 cognatus
1409 1872 1486 1914 suus

191 1951 388 2016 carissimus.
440 1954 606 2040 conspiret
628 1951 758 2018 collatio
781 1953 861 2020 hsce
883 1955 1097 2040 Scaligerans
1120 1953 1171 2042 (C)
1193 1953 1385 2042 plerumque
1413 1973 1487 2016 cum

188 2052 280 2117 codd.
304 2057 406 2118 RVM
421 2054 627 2120 lectionibus.
679 2057 792 2142 paucis
814 2057 955 2145 denique
976 2057 1057 2122 locis
1082 2058 1188 2122 editor
1200 2054 1331 2139 Anglus
1349 2055 1486 2118 varies

188 2154 391 2220 lectiones
415 2154 464 2221 ub
489 2160 692 2241 anonymo
721 2158 897 2244 quodam
917 2169 1137 2247 excerptus
1159 2157 1298 2222 eddidit.
1404 2221 1407 2227 ,

273 2256 329 2321 Sic
348 2257 511 2322 etiamad
534 2256 636 2322 libros
659 2259 699 2323 de
726 2261 969 2326 constructione
996 2261 1040 2326 sd
1064 2267 1268 2326 constantem
1290 2257 1486 2346 optimorum

185 2359 339 2424 librorum
354 2379 500 2425 nomem
522 2357 703 2442 exigendos
726 2359 906 2428 lectissimo
930 2361 1024 2429 codd.
1048 2363 1277 2428 RVMODLNS
1300 2359 1406 2446 (PGC)
1429 2383 1484 2449 cp·

187 2471 301 2550 perctu
323 2470 458 2527 ornatus
476 2461 610 2525 accessi.

270 2565 339 2628 Vix
360 2565 463 2649 igitur
478 2563 651 2650 quisquam
671 2563 787 2628 herum
802 2585 911 2630 rerum
921 2567 1046 2653 peritus
1064 2564 1242 2631 vitiomihi
1258 2570 1374 2648 vertet,
1398 2563 1486 2650 quod

187 2666 374 2753 largissima
407 2665 600 2752 optimorum
622 2663 779 2730 librorum
802 2665 1005 2753 supellectile
1024 2667 1155 2750 fruens,
1183 2667 1392 2731 editiones
1417 2687 1484 2730 ve-

185 2779 292 2834 teres
316 2776 452 2832 estenus
474 2773 601 2830 tentum
623 2766 658 2828 in
679 2786 775 2830 nsum
798 2769 1004 2851 vocaverim,
1034 2776 1081 2852 ut,
1097 2768 1156 2833 ubi
1175 2767 1256 2856 quid
1277 2769 1360 2832 citra
1383 2765 1483 2831 libros
1529 2813 1532 2816 -

186 2869 263 2935 mihi
286 2879 382 2934 notos
404 2869 439 2932 in
460 2869 502 2932 iis
522 2866 730 2932 emendatum
752 2867 916 2951 viderem,
942 2868 978 2932 id
996 2877 1163 2934 enotarem
1186 2868 1298 2932 addito
1323 2867 1395 2932 cius
1416 2867 1484 2932 edi-

183 2971 281 3035 tionis
304 2968 412 3052 titule,
434 2967 492 3034 ubi
515 2968 605 3034 illam
627 2967 800 3034 medellam
825 2969 977 3056 scriptori
995 2971 1138 3056 primum
1155 2970 1338 3034 invenirem
1357 2967 1483 3034 adhibi-

185 3079 259 3133 tsm.
305 3090 373 3159 non
395 3070 544 3150 omnibus
567 3069 766 3136 editionibus
785 3092 837 3134 mc
857 3071 905 3134 uti
925 3071 1088 3158 potuisse,
1108 3091 1245 3157 quarum
1261 3071 1376 3160 plenus
1395 3069 1483 3157 apud

186 3171 429 3256 Schweigerum
444 3173 468 3207 '⁷
486 3177 579 3235 cxtst
603 3172 789 3258 catalogus,
816 3172 875 3237 vix
899 3172 1055 3259 estquod
1077 3171 1221 3237 doleam:
1250 3172 1320 3238 sols
1339 3171 1408 3236 ferc
1430 3170 1481 3235 ed.

186 3275 382 3338 Romanas.
405 3271 427 3336 l.
450 3282 482 3336 et
504 3293 534 3337 c.
555 3274 597 3339 sb
618 3272 773 3339 Vdslrico
794 3273 905 3338 Hanio
919 3274 1008 3360 typis
1023 3274 1184 3359 impresse
1198 3282 1232 3338 et
1251 3273 1394 3338 editione
1405 3272 1483 3340 Iun-

185 3379 253 3442 tius
273 3397 372 3461 segre
386 3375 487 3440 cerui.

269 3477 324 3540 Ex
345 3476 449 3540 altera
467 3474 561 3540 codd.
584 3473 726 3560 semilis,
750 3477 843 3542 cuius
861 3478 1013 3565 princeps
1035 3477 1129 3542 uobis
1143 3486 1193 3542 cst
1211 3481 1241 3542 R
1250 3527 1260 3561 ‚
1278 3478 1404 3565 priores
1415 3477 1482 3542 odi-

186 3583 288 3644 tioncs
310 3585 470 3666 quotquot
488 3577 523 3674 in
544 3576 694 3640 notitiam
715 3599 819 3642 meum
840 3589 1061 3667 pervenerunt
1081 3577 1248 3645 fluxerunt
1269 3602 1390 3645 omnes.
1440 3581 1483 3645 sd

186 3701 300 3746 manus
333 3701 411 3746 vero
441 3675 601 3743 beneficio
627 3681 820 3764 praesertim
842 3689 875 3746 et
895 3680 978 3746 bibl.
999 3682 1089 3746 univ.
1115 3680 1301 3770 Lipsiensis
1330 3691 1364 3746 ct
1398 3680 1478 3746 bibl.

186 3805 251 3868 reg.
275 3779 501 3848 Berolinonsis
519 3778 654 3842 fuerumt
675 3777 755 3844 hae:

270 3884 302 3968 1)
336 3881 578 3968 ed.operum
610 3901 639 3942 a.
671 3883 768 3945 1470
790 3883 888 3947 'sine
911 3883 932 3946 l.
979 3884 1113 3970 (Venet.
1147 3905 1199 3972 ap.
1235 3882 1403 3948 Vindelin.
1439 3883 1480 3946 de

188 3984 292 4072 Spirs)
327 3982 402 4066 fel,
434 3985 469 4048 in
498 4007 564 4071 que
593 3985 695 4050 instit.
720 4004 856 4068 gramm.
886 4005 930 4048 cx
950 3984 1035 4050 libro
1055 3984 1140 4051 bono
1162 3986 1241 4050 satis
1264 3983 1404 4048 fideliter
1424 4004 1479 4048 cx-

186 4107 316 4172 pressse
340 4093 431 4170 sunt,
454 4085 590 4152 Graecis
611 4095 720 4152 temen
741 4085 870 4150 omissis
890 4086 950 4173 (1).

267 4187 302 4272 2)
326 4185 502 4254 editionem
521 4189 606 4256 hano
627 4209 739 4277 presse
754 4186 945 4276 plerumque
968 4186 1116 4274 sequitur
1139 4183 1299 4252 Veneta
1322 4186 1427 4252 alters
1447 4210 1477 4251 a.

189 4289 266 4351 1472
275 4336 285 4370 ,
320 4288 376 4373 (2)
402 4287 477 4372 fol,
513 4291 570 4356 ubi
600 4290 800 4356 Graecorum
824 4290 947 4374 m'agns
973 4310 1050 4377 pars
1084 4310 1127 4352 ex
1154 4287 1238 4353 libro
1271 4289 1352 4354 sctis
1382 4288 1479 4374 bono,

186 4391 334 4477 quemvis
353 4391 565 4458 vitiosissime
587 4393 710 4480 passim
731 4413 903 4478 expresso,
934 4391 1048 4456 addita
1069 4397 1130 4454 est.
1174 4398 1345 4476 utramque
1373 4391 1479 4456 Vcnc-

184 4501 248 4556 tem
270 4493 488 4558 commodavit
504 4495 586 4560 bibl.
607 4493 802 4582 Lipsiensis.

267 4593 368 4659 Haud
397 4595 493 4681 longe
519 4605 606 4662 certe
628 4595 670 4660 ab
697 4595 739 4660 iis
768 4595 966 4661 recesserint
986 4592 1060 4658 cdd.
1080 4591 1203 4658 ibidem
1231 4615 1290 4680 per
1311 4593 1477 4679 proximos

250 4765 286 4820 96
313 4777 448 4834 grammat.
468 4769 522 4820 Lat.
541 4777 658 4820 suctores
675 4769 773 4833 antiqui
791 4785 819 4836 p.
838 4768 908 4834 53¹),
993 4767 1028 4819 97
1057 4766 1199 4818 Hsndbnch
1223 4767 1268 4816 der
1284 4765 1360 4820 cisse.
1381 4763 1478 4816 Biblio-

182 4853 290 4920 grspuie
309 4855 333 4904 ll
351 4855 377 4918 2,
395 4853 447 4905 8²2
465 4870 521 4918 sqq.
