<?xml version="1.0" encoding="UTF-8"?>
<!DOCTYPE html PUBLIC "-//W3C//DTD XHTML 1.0 Transitional//EN"
    "http://www.w3.org/TR/xhtml1/DTD/xhtml1-transitional.dtd">
<html xmlns="http://www.w3.org/1999/xhtml" xml:lang="en" lang="en">
 <head>
  <title>
</title>
<meta http-equiv="Content-Type" content="text/html;charset=utf-8" />
  <meta name='ocr-system' content='tesseract 3.04.00' />
  <meta name='ocr-capabilities' content='ocr_page ocr_carea ocr_par ocr_line ocrx_word'/>
</head>
<body>
  <div class='ocr_page' id='page_1' title='image "./grammaticilatin01hagagoog_0016.png"; bbox 0 0 3600 5584; ppageno 0'>
   <div class='ocr_carea' id='block_1_1' title="bbox 261 369 1046 440">
    <p class='ocr_par' dir='ltr' id='par_1_1' title="bbox 261 369 1046 440">
     <span class='ocr_line' id='line_1_1' title="bbox 261 369 1046 440; baseline -0.004 -6"><span class='ocrx_word' id='word_1_1' title='bbox 261 379 263 384; x_wconf 82' lang='grc'>’</span> <span class='ocrx_word' id='word_1_2' title='bbox 294 392 353 434; x_wconf 78' lang='lat' dir='ltr'><strong>suu</strong></span> <span class='ocrx_word' id='word_1_3' title='bbox 600 435 602 440; x_wconf 62' lang='grc'>,</span> <span class='ocrx_word' id='word_1_4' title='bbox 678 403 683 412; x_wconf 87' lang='grc'><em>·</em></span> <span class='ocrx_word' id='word_1_5' title='bbox 838 369 1046 432; x_wconf 75' lang='lat' dir='ltr'><strong>PRAEFATIO</strong></span> 
     </span>
    </p>
   </div>
   <div class='ocr_carea' id='block_1_2' title="bbox 290 531 1635 2066">
    <p class='ocr_par' dir='ltr' id='par_1_2' title="bbox 290 531 1635 2066">
     <span class='ocr_line' id='line_1_2' title="bbox 292 531 1591 635; baseline -0.002 -14"><span class='ocrx_word' id='word_1_6' title='bbox 292 557 414 621; x_wconf 90' lang='lat' dir='ltr'><strong>tionem</strong></span> <span class='ocrx_word' id='word_1_7' title='bbox 436 553 476 616; x_wconf 89' lang='lat' dir='ltr'><strong>de</strong></span> <span class='ocrx_word' id='word_1_8' title='bbox 489 552 680 617; x_wconf 86' lang='lat' dir='ltr'><strong>Priscianea</strong></span> <span class='ocrx_word' id='word_1_9' title='bbox 701 553 791 618; x_wconf 87' lang='lat' dir='ltr'><strong>vocis</strong></span> <span class='ocrx_word' id='word_1_10' title='bbox 815 551 1004 617; x_wconf 87' lang='lat' dir='ltr'><strong>definitione</strong></span> <span class='ocrx_word' id='word_1_11' title='bbox 1017 553 1174 635; x_wconf 90' lang='lat' dir='ltr'><strong>continet,</strong></span> <span class='ocrx_word' id='word_1_12' title='bbox 1201 551 1243 616; x_wconf 88' lang='lat' dir='ltr'><strong>ab</strong></span> <span class='ocrx_word' id='word_1_13' title='bbox 1255 531 1323 618; x_wconf 85' lang='lat' dir='ltr'><strong>alia</strong></span> <span class='ocrx_word' id='word_1_14' title='bbox 1334 574 1435 618; x_wconf 88' lang='lat' dir='ltr'><strong>manu</strong></span> <span class='ocrx_word' id='word_1_15' title='bbox 1447 553 1591 619; x_wconf 83' lang='lat' dir='ltr'><strong>additas.</strong></span> 
     </span>
     <span class='ocr_line' id='line_1_3' title="bbox 294 652 1593 741; baseline 0.002 -20"><span class='ocrx_word' id='word_1_16' title='bbox 294 658 350 722; x_wconf 86' lang='lat' dir='ltr'><strong>iol.</strong></span> <span class='ocrx_word' id='word_1_17' title='bbox 371 658 412 718; x_wconf 87' lang='lat' dir='ltr'><strong>9r</strong></span> <span class='ocrx_word' id='word_1_18' title='bbox 433 653 595 739; x_wconf 89' lang='lat' dir='ltr'><strong>incipiunt</strong></span> <span class='ocrx_word' id='word_1_19' title='bbox 616 652 778 718; x_wconf 80' lang='lat' dir='ltr'><strong>Prisciani</strong></span> <span class='ocrx_word' id='word_1_20' title='bbox 800 655 880 718; x_wconf 90' lang='lat' dir='ltr'><strong>artis</strong></span> <span class='ocrx_word' id='word_1_21' title='bbox 903 654 1135 738; x_wconf 86' lang='lat' dir='ltr'><strong>grammaticae</strong></span> <span class='ocrx_word' id='word_1_22' title='bbox 1156 652 1233 720; x_wconf 88' lang='lat' dir='ltr'><strong>libri</strong></span> <span class='ocrx_word' id='word_1_23' title='bbox 1252 655 1387 741; x_wconf 88' lang='lat' dir='ltr'>XVIH,</span> <span class='ocrx_word' id='word_1_24' title='bbox 1409 660 1514 723; x_wconf 84' lang='lat' dir='ltr'><strong>variis</strong></span> <span class='ocrx_word' id='word_1_25' title='bbox 1525 681 1593 724; x_wconf 88' lang='lat' dir='ltr'><strong>ma-</strong></span> 
     </span>
     <span class='ocr_line' id='line_1_4' title="bbox 293 754 1594 841; baseline 0.002 -19"><span class='ocrx_word' id='word_1_26' title='bbox 293 757 390 822; x_wconf 92' lang='lat' dir='ltr'><strong>nibus</strong></span> <span class='ocrx_word' id='word_1_27' title='bbox 412 755 598 841; x_wconf 88' lang='lat' dir='ltr'><strong>conscripti.</strong></span> <span class='ocrx_word' id='word_1_28' title='bbox 642 754 734 824; x_wconf 89' lang='lat' dir='ltr'><strong>nulla</strong></span> <span class='ocrx_word' id='word_1_29' title='bbox 753 765 862 820; x_wconf 87' lang='lat' dir='ltr'><strong>tamon</strong></span> <span class='ocrx_word' id='word_1_30' title='bbox 876 755 996 820; x_wconf 88' lang='lat' dir='ltr'><strong>lacuna</strong></span> <span class='ocrx_word' id='word_1_31' title='bbox 1012 756 1098 819; x_wconf 88' lang='lat' dir='ltr'><strong>inter</strong></span> <span class='ocrx_word' id='word_1_32' title='bbox 1113 755 1323 820; x_wconf 87' lang='lat' dir='ltr'><strong>scribendum</strong></span> <span class='ocrx_word' id='word_1_33' title='bbox 1341 759 1459 824; x_wconf 88' lang='lat' dir='ltr'><strong>relicta</strong></span> <span class='ocrx_word' id='word_1_34' title='bbox 1470 761 1594 824; x_wconf 89' lang='lat' dir='ltr'><strong>omissa</strong></span> 
     </span>
     <span class='ocr_line' id='line_1_5' title="bbox 294 854 1592 944; baseline 0.001 -20"><span class='ocrx_word' id='word_1_35' title='bbox 294 865 348 924; x_wconf 83' lang='lat' dir='ltr'><strong>ost</strong></span> <span class='ocrx_word' id='word_1_36' title='bbox 370 855 447 922; x_wconf 88' lang='lat' dir='ltr'><strong>libri</strong></span> <span class='ocrx_word' id='word_1_37' title='bbox 469 855 730 940; x_wconf 80' lang='lat' dir='ltr'><strong>duodevigesimi</strong></span> <span class='ocrx_word' id='word_1_38' title='bbox 751 879 827 944; x_wconf 90' lang='lat' dir='ltr'><strong>pars</strong></span> <span class='ocrx_word' id='word_1_39' title='bbox 855 858 936 922; x_wconf 88' lang='lat' dir='ltr'><strong>satis</strong></span> <span class='ocrx_word' id='word_1_40' title='bbox 965 854 1074 943; x_wconf 87' lang='lat' dir='ltr'><strong>ampla</strong></span> <span class='ocrx_word' id='word_1_41' title='bbox 1096 877 1199 943; x_wconf 90' lang='lat' dir='ltr'><strong>eaque</strong></span> <span class='ocrx_word' id='word_1_42' title='bbox 1222 855 1360 923; x_wconf 82' lang='lat' dir='ltr'><strong>Graecis</strong></span> <span class='ocrx_word' id='word_1_43' title='bbox 1381 861 1525 924; x_wconf 86' lang='lat' dir='ltr'><strong>maxime</strong></span> <span class='ocrx_word' id='word_1_44' title='bbox 1543 883 1592 925; x_wconf 89' lang='lat' dir='ltr'><strong>re-</strong></span> 
     </span>
     <span class='ocr_line' id='line_1_6' title="bbox 293 951 1635 1045; baseline 0.004 -24"><span class='ocrx_word' id='word_1_45' title='bbox 293 958 377 1022; x_wconf 84' lang='lat' dir='ltr'><strong>ferta</strong></span> <span class='ocrx_word' id='word_1_46' title='bbox 405 978 425 1020; x_wconf 92' lang='lat' dir='ltr'><strong>a</strong></span> <span class='ocrx_word' id='word_1_47' title='bbox 455 979 544 1022; x_wconf 89' lang='lat' dir='ltr'><strong>voco.</strong></span> <span class='ocrx_word' id='word_1_48' title='bbox 574 951 652 1037; x_wconf 75' lang='grc' dir='ltr'><strong>ὑμᾶς</strong></span> <span class='ocrx_word' id='word_1_49' title='bbox 673 951 835 1041; x_wconf 75' lang='grc' dir='ltr'><em>εὐεργετεῖν</em></span> <span class='ocrx_word' id='word_1_50' title='bbox 858 962 878 1039; x_wconf 65' lang='grc' dir='ltr'><strong>ξ</strong></span> <span class='ocrx_word' id='word_1_51' title='bbox 903 961 963 1023; x_wconf 83' lang='grc'><strong>164</strong></span> <span class='ocrx_word' id='word_1_52' title='bbox 982 979 1086 1045; x_wconf 79' lang='lat' dir='ltr'><strong>usque</strong></span> <span class='ocrx_word' id='word_1_53' title='bbox 1108 959 1151 1022; x_wconf 89' lang='lat' dir='ltr'><strong>ad</strong></span> <span class='ocrx_word' id='word_1_54' title='bbox 1173 957 1311 1044; x_wconf 72' lang='lat' dir='ltr'><strong>‘aliquid</strong></span> <span class='ocrx_word' id='word_1_55' title='bbox 1334 960 1455 1026; x_wconf 85' lang='lat' dir='ltr'><strong>facere’</strong></span> <span class='ocrx_word' id='word_1_56' title='bbox 1477 964 1591 1044; x_wconf 69' lang='lat' dir='ltr'><strong>§aaa</strong></span> <span class='ocrx_word' id='word_1_57' title='bbox 1628 989 1635 1004; x_wconf 93' lang='lat'><strong>·</strong></span> 
     </span>
     <span class='ocr_line' id='line_1_7' title="bbox 292 1057 1591 1143; baseline 0.002 -19"><span class='ocrx_word' id='word_1_58' title='bbox 292 1061 433 1124; x_wconf 89' lang='lat' dir='ltr'><strong>minores</strong></span> <span class='ocrx_word' id='word_1_59' title='bbox 456 1057 604 1124; x_wconf 85' lang='lat' dir='ltr'><strong>defectus</strong></span> <span class='ocrx_word' id='word_1_60' title='bbox 626 1061 730 1126; x_wconf 84' lang='lat' dir='ltr'><strong>notati</strong></span> <span class='ocrx_word' id='word_1_61' title='bbox 753 1068 829 1124; x_wconf 87' lang='lat' dir='ltr'><strong>sunt</strong></span> <span class='ocrx_word' id='word_1_62' title='bbox 851 1059 908 1124; x_wconf 92' lang='lat' dir='ltr'><strong>lib.</strong></span> <span class='ocrx_word' id='word_1_63' title='bbox 930 1059 1003 1124; x_wconf 94' lang='lat' dir='ltr'>IIII</span> <span class='ocrx_word' id='word_1_64' title='bbox 1024 1065 1045 1143; x_wconf 63' lang='grc' dir='ltr'>ξ</span> <span class='ocrx_word' id='word_1_65' title='bbox 1063 1063 1107 1125; x_wconf 74' lang='lat'><strong>38</strong></span> <span class='ocrx_word' id='word_1_66' title='bbox 1129 1060 1215 1124; x_wconf 80' lang='lat' dir='ltr'><strong>Vbii</strong></span> <span class='ocrx_word' id='word_1_67' title='bbox 1236 1060 1319 1125; x_wconf 89' lang='lat' dir='ltr'><strong>XVI</strong></span> <span class='ocrx_word' id='word_1_68' title='bbox 1338 1067 1378 1126; x_wconf 73' lang='lat' dir='ltr'><strong>ih</strong></span> <span class='ocrx_word' id='word_1_69' title='bbox 1402 1062 1504 1128; x_wconf 87' lang='lat' dir='ltr'>XVII</span> <span class='ocrx_word' id='word_1_70' title='bbox 1518 1065 1591 1127; x_wconf 79' lang='grc'>159.</span> 
     </span>
     <span class='ocr_line' id='line_1_8' title="bbox 292 1159 1593 1249; baseline 0.002 -23"><span class='ocrx_word' id='word_1_71' title='bbox 292 1160 489 1248; x_wconf 85' lang='lat' dir='ltr'><strong>exemplaris</strong></span> <span class='ocrx_word' id='word_1_72' title='bbox 510 1159 730 1225; x_wconf 82' lang='lat' dir='ltr'><strong>Theodoriani</strong></span> <span class='ocrx_word' id='word_1_73' title='bbox 758 1161 822 1226; x_wconf 91' lang='lat' dir='ltr'><strong>duo</strong></span> <span class='ocrx_word' id='word_1_74' title='bbox 845 1161 898 1230; x_wconf 84' lang='lat' dir='ltr'><strong>hic</strong></span> <span class='ocrx_word' id='word_1_75' title='bbox 926 1161 1012 1227; x_wconf 89' lang='lat' dir='ltr'><strong>iiber</strong></span> <span class='ocrx_word' id='word_1_76' title='bbox 1030 1164 1184 1227; x_wconf 85' lang='lat' dir='ltr'><strong>continet-</strong></span> <span class='ocrx_word' id='word_1_77' title='bbox 1194 1164 1338 1249; x_wconf 83' lang='lat' dir='ltr'><strong>vestigia</strong></span> <span class='ocrx_word' id='word_1_78' title='bbox 1357 1166 1439 1229; x_wconf 88' lang='lat' dir='ltr'><strong>satis</strong></span> <span class='ocrx_word' id='word_1_79' title='bbox 1461 1165 1593 1228; x_wconf 86' lang='lat' dir='ltr'><strong>detersa</strong></span> 
     </span>
     <span class='ocr_line' id='line_1_9' title="bbox 292 1263 1591 1350; baseline 0.005 -22"><span class='ocrx_word' id='word_1_80' title='bbox 292 1265 327 1328; x_wconf 94' lang='lat' dir='ltr'><strong>in</strong></span> <span class='ocrx_word' id='word_1_81' title='bbox 348 1283 439 1328; x_wconf 89' lang='lat' dir='ltr'><strong>voco.</strong></span> <span class='ocrx_word' id='word_1_82' title='bbox 464 1264 697 1349; x_wconf 77' lang='lat' dir='ltr'><strong>‘praeceptoris</strong></span> <span class='ocrx_word' id='word_1_83' title='bbox 716 1263 793 1326; x_wconf 88' lang='lat' dir='ltr'><strong>mei’</strong></span> <span class='ocrx_word' id='word_1_84' title='bbox 823 1272 856 1328; x_wconf 90' lang='lat' dir='ltr'><strong>et</strong></span> <span class='ocrx_word' id='word_1_85' title='bbox 880 1263 1035 1328; x_wconf 76' lang='lat' dir='ltr'><strong>‘doctoris</strong></span> <span class='ocrx_word' id='word_1_86' title='bbox 1053 1265 1143 1346; x_wconf 87' lang='lat' dir='ltr'><strong>mei&#39;‚</strong></span> <span class='ocrx_word' id='word_1_87' title='bbox 1165 1285 1302 1350; x_wconf 88' lang='lat' dir='ltr'><strong>quorum</strong></span> <span class='ocrx_word' id='word_1_88' title='bbox 1320 1265 1379 1330; x_wconf 93' lang='lat' dir='ltr'><strong>illa</strong></span> <span class='ocrx_word' id='word_1_89' title='bbox 1398 1267 1475 1332; x_wconf 82' lang='lat' dir='ltr'><strong>libri</strong></span> <span class='ocrx_word' id='word_1_90' title='bbox 1497 1265 1591 1347; x_wconf 76' lang='lat' dir='ltr'>VIII,</span> 
     </span>
     <span class='ocr_line' id='line_1_10' title="bbox 292 1356 1591 1450; baseline 0.002 -22"><span class='ocrx_word' id='word_1_91' title='bbox 292 1365 373 1428; x_wconf 90' lang='lat' dir='ltr'><strong>haec</strong></span> <span class='ocrx_word' id='word_1_92' title='bbox 384 1363 460 1428; x_wconf 92' lang='lat' dir='ltr'><strong>iibri</strong></span> <span class='ocrx_word' id='word_1_93' title='bbox 476 1362 583 1426; x_wconf 89' lang='lat' dir='ltr'>XIIII</span> <span class='ocrx_word' id='word_1_94' title='bbox 598 1364 795 1450; x_wconf 79' lang='lat' dir='ltr'><strong>subscriptio</strong></span> <span class='ocrx_word' id='word_1_95' title='bbox 806 1367 962 1431; x_wconf 88' lang='lat' dir='ltr'><strong>servavit.</strong></span> <span class='ocrx_word' id='word_1_96' title='bbox 991 1366 1026 1429; x_wconf 92' lang='lat' dir='ltr'><strong>in</strong></span> <span class='ocrx_word' id='word_1_97' title='bbox 1035 1365 1159 1450; x_wconf 76' lang='lat' dir='ltr'><strong>fiuent.</strong></span> <span class='ocrx_word' id='word_1_98' title='bbox 1184 1356 1364 1431; x_wconf 81' lang='lat' dir='ltr'><strong>recentiore</strong></span> <span class='ocrx_word' id='word_1_99' title='bbox 1386 1367 1509 1433; x_wconf 86' lang='lat' dir='ltr'><strong>saeculi</strong></span> <span class='ocrx_word' id='word_1_100' title='bbox 1521 1367 1591 1432; x_wconf 89' lang='lat' dir='ltr'><strong>XII</strong></span> 
     </span>
     <span class='ocr_line' id='line_1_11' title="bbox 290 1455 1589 1534; baseline 0.003 -4"><span class='ocrx_word' id='word_1_101' title='bbox 290 1466 439 1532; x_wconf 87' lang='lat' dir='ltr'><strong>adnexus</strong></span> <span class='ocrx_word' id='word_1_102' title='bbox 462 1476 511 1532; x_wconf 91' lang='lat' dir='ltr'><strong>est</strong></span> <span class='ocrx_word' id='word_1_103' title='bbox 525 1464 687 1530; x_wconf 78' lang='lat' dir='ltr'><strong>Prisciani</strong></span> <span class='ocrx_word' id='word_1_104' title='bbox 709 1465 749 1530; x_wconf 88' lang='lat' dir='ltr'><strong>de</strong></span> <span class='ocrx_word' id='word_1_105' title='bbox 768 1465 986 1532; x_wconf 81' lang='lat' dir='ltr'><strong>declinatione</strong></span> <span class='ocrx_word' id='word_1_106' title='bbox 1008 1455 1183 1531; x_wconf 38' lang='lat' dir='ltr'><strong>nominum*</strong></span> <span class='ocrx_word' id='word_1_107' title='bbox 1198 1467 1330 1533; x_wconf 85' lang='lat' dir='ltr'><strong>iihellus</strong></span> <span class='ocrx_word' id='word_1_108' title='bbox 1346 1470 1484 1534; x_wconf 88' lang='lat' dir='ltr'><strong>adiectis</strong></span> <span class='ocrx_word' id='word_1_109' title='bbox 1496 1469 1589 1534; x_wconf 79' lang='lat' dir='ltr'><strong>sebo</strong></span> 
     </span>
     <span class='ocr_line' id='line_1_12' title="bbox 291 1556 1592 1656; baseline 0.005 -26"><span class='ocrx_word' id='word_1_110' title='bbox 291 1567 363 1651; x_wconf 85' lang='lat' dir='ltr'><strong>iiis,</strong></span> <span class='ocrx_word' id='word_1_111' title='bbox 388 1589 431 1632; x_wconf 83' lang='lat' dir='ltr'><strong>ex</strong></span> <span class='ocrx_word' id='word_1_112' title='bbox 451 1568 571 1654; x_wconf 90' lang='lat' dir='ltr'><strong>quibus</strong></span> <span class='ocrx_word' id='word_1_113' title='bbox 589 1566 670 1632; x_wconf 89' lang='lat' dir='ltr'><strong>haec</strong></span> <span class='ocrx_word' id='word_1_114' title='bbox 691 1566 835 1634; x_wconf 80' lang='lat' dir='ltr'><strong>delibare</strong></span> <span class='ocrx_word' id='word_1_115' title='bbox 857 1568 979 1656; x_wconf 88' lang='lat' dir='ltr'><strong>placet:</strong></span> <span class='ocrx_word' id='word_1_116' title='bbox 1010 1556 1192 1633; x_wconf 71' lang='lat' dir='ltr'><strong>‘Prisciani</strong></span> <span class='ocrx_word' id='word_1_117' title='bbox 1209 1563 1378 1656; x_wconf 75' lang='lat' dir='ltr'><strong>proprium</strong></span> <span class='ocrx_word' id='word_1_118' title='bbox 1399 1593 1519 1637; x_wconf 90' lang='lat' dir='ltr'><strong>nomen</strong></span> <span class='ocrx_word' id='word_1_119' title='bbox 1539 1579 1592 1636; x_wconf 87' lang='lat' dir='ltr'><strong>est</strong></span> 
     </span>
     <span class='ocr_line' id='line_1_13' title="bbox 290 1668 1590 1738; baseline 0.003 -4"><span class='ocrx_word' id='word_1_120' title='bbox 290 1668 434 1735; x_wconf 87' lang='lat' dir='ltr'><strong>auctoris</strong></span> <span class='ocrx_word' id='word_1_121' title='bbox 462 1669 558 1734; x_wconf 90' lang='lat' dir='ltr'><strong>huius</strong></span> <span class='ocrx_word' id='word_1_122' title='bbox 582 1669 667 1735; x_wconf 90' lang='lat' dir='ltr'><strong>iibri.</strong></span> <span class='ocrx_word' id='word_1_123' title='bbox 707 1669 922 1736; x_wconf 81' lang='lat' dir='ltr'><strong>Grammatici</strong></span> <span class='ocrx_word' id='word_1_124' title='bbox 941 1691 1061 1735; x_wconf 85' lang='lat' dir='ltr'><strong>nomen</strong></span> <span class='ocrx_word' id='word_1_125' title='bbox 1081 1679 1132 1736; x_wconf 88' lang='lat' dir='ltr'><strong>est</strong></span> <span class='ocrx_word' id='word_1_126' title='bbox 1154 1669 1265 1735; x_wconf 86' lang='lat' dir='ltr'><strong>officii.</strong></span> <span class='ocrx_word' id='word_1_127' title='bbox 1312 1671 1518 1738; x_wconf 71' lang='lat' dir='ltr'><strong>cesariensis</strong></span> <span class='ocrx_word' id='word_1_128' title='bbox 1541 1672 1590 1738; x_wconf 93' lang='lat' dir='ltr'><strong>di·</strong></span> 
     </span>
     <span class='ocr_line' id='line_1_14' title="bbox 291 1771 1588 1860; baseline 0.001 -24"><span class='ocrx_word' id='word_1_129' title='bbox 291 1773 377 1836; x_wconf 88' lang='lat' dir='ltr'><strong>citur</strong></span> <span class='ocrx_word' id='word_1_130' title='bbox 398 1793 419 1836; x_wconf 91' lang='lat' dir='ltr'><strong>a</strong></span> <span class='ocrx_word' id='word_1_131' title='bbox 441 1771 595 1836; x_wconf 81' lang='lat' dir='ltr'><strong>caesarea</strong></span> <span class='ocrx_word' id='word_1_132' title='bbox 608 1772 805 1860; x_wconf 88' lang='lat' dir='ltr'><strong>cappadocie</strong></span> <span class='ocrx_word' id='word_1_133' title='bbox 827 1773 983 1860; x_wconf 86' lang='lat' dir='ltr'><strong>regionis.</strong></span> <span class='ocrx_word' id='word_1_134' title='bbox 1015 1771 1097 1837; x_wconf 82' lang='lat' dir='ltr'><strong>Tres</strong></span> <span class='ocrx_word' id='word_1_135' title='bbox 1118 1780 1194 1838; x_wconf 89' lang='lat' dir='ltr'><strong>sunt</strong></span> <span class='ocrx_word' id='word_1_136' title='bbox 1209 1773 1371 1840; x_wconf 82' lang='lat' dir='ltr'><strong>Caesareo</strong></span> <span class='ocrx_word' id='word_1_137' title='bbox 1392 1783 1436 1838; x_wconf 79' lang='lat' dir='ltr'><strong>ets</strong></span> <span class='ocrx_word' id='word_1_138' title='bbox 1457 1774 1588 1839; x_wconf 89' lang='lat' dir='ltr'><strong>nomine</strong></span> 
     </span>
     <span class='ocr_line' id='line_1_15' title="bbox 291 1871 1589 1963; baseline 0.002 -27"><span class='ocrx_word' id='word_1_139' title='bbox 291 1871 444 1937; x_wconf 77' lang='lat' dir='ltr'><strong>Caesaris</strong></span> <span class='ocrx_word' id='word_1_140' title='bbox 466 1872 584 1938; x_wconf 87' lang='lat' dir='ltr'><strong>dictae.</strong></span> <span class='ocrx_word' id='word_1_141' title='bbox 628 1873 783 1939; x_wconf 89' lang='lat' dir='ltr'><strong>uidelicet</strong></span> <span class='ocrx_word' id='word_1_142' title='bbox 800 1896 865 1940; x_wconf 88' lang='lat' dir='ltr'><strong>una</strong></span> <span class='ocrx_word' id='word_1_143' title='bbox 886 1883 938 1938; x_wconf 90' lang='lat' dir='ltr'><strong>est</strong></span> <span class='ocrx_word' id='word_1_144' title='bbox 958 1872 1129 1962; x_wconf 83' lang='lat' dir='ltr'><strong>palestine.</strong></span> <span class='ocrx_word' id='word_1_145' title='bbox 1163 1876 1319 1959; x_wconf 85' lang='lat' dir='ltr'><strong>regionis.</strong></span> <span class='ocrx_word' id='word_1_146' title='bbox 1357 1877 1436 1941; x_wconf 89' lang='lat' dir='ltr'><strong>Alia</strong></span> <span class='ocrx_word' id='word_1_147' title='bbox 1449 1875 1589 1963; x_wconf 89' lang='lat' dir='ltr'><strong>philippi</strong></span> 
     </span>
     <span class='ocr_line' id='line_1_16' title="bbox 290 1973 1586 2066; baseline 0.002 -28"><span class='ocrx_word' id='word_1_148' title='bbox 290 1995 388 2060; x_wconf 85' lang='lat' dir='ltr'><strong>quam</strong></span> <span class='ocrx_word' id='word_1_149' title='bbox 412 1973 600 2040; x_wconf 87' lang='lat' dir='ltr'><strong>aedificauit</strong></span> <span class='ocrx_word' id='word_1_150' title='bbox 621 1975 691 2060; x_wconf 89' lang='lat' dir='ltr'><strong>ipse</strong></span> <span class='ocrx_word' id='word_1_151' title='bbox 714 1975 881 2066; x_wconf 87' lang='lat' dir='ltr'><strong>philippus</strong></span> <span class='ocrx_word' id='word_1_152' title='bbox 905 1997 1029 2062; x_wconf 89' lang='lat' dir='ltr'><strong>suoque</strong></span> <span class='ocrx_word' id='word_1_153' title='bbox 1051 1977 1182 2041; x_wconf 89' lang='lat' dir='ltr'><strong>nomine</strong></span> <span class='ocrx_word' id='word_1_154' title='bbox 1202 1986 1246 2065; x_wconf 82' lang='lat' dir='ltr'><strong>ct</strong></span> <span class='ocrx_word' id='word_1_155' title='bbox 1265 1978 1463 2063; x_wconf 86' lang='lat' dir='ltr'><strong>inperatoris</strong></span> <span class='ocrx_word' id='word_1_156' title='bbox 1484 1978 1586 2064; x_wconf 88' lang='lat' dir='ltr'><strong>impo-</strong></span> 
     </span>
    </p>
   </div>
   <div class='ocr_carea' id='block_1_3' title="bbox 291 2079 1588 2183">
    <p class='ocr_par' dir='ltr' id='par_1_3' title="bbox 291 2079 1588 2183">
     <span class='ocr_line' id='line_1_17' title="bbox 291 2079 1588 2183; baseline 0.001 -28"><span class='ocrx_word' id='word_1_157' title='bbox 291 2093 356 2155; x_wconf 91' lang='lat' dir='ltr'><strong>suit</strong></span> <span class='ocrx_word' id='word_1_158' title='bbox 378 2095 409 2156; x_wconf 92' lang='lat' dir='ltr'><strong>ei</strong></span> <span class='ocrx_word' id='word_1_159' title='bbox 429 2079 513 2156; x_wconf 73' lang='lat' dir='ltr'><strong>nom.</strong></span> <span class='ocrx_word' id='word_1_160' title='bbox 537 2101 574 2156; x_wconf 91' lang='lat' dir='ltr'><strong>ut</strong></span> <span class='ocrx_word' id='word_1_161' title='bbox 595 2115 727 2158; x_wconf 87' lang='lat' dir='ltr'><strong>cesarea</strong></span> <span class='ocrx_word' id='word_1_162' title='bbox 747 2095 902 2183; x_wconf 78' lang='lat' dir='ltr'><strong>philippi3</strong></span> <span class='ocrx_word' id='word_1_163' title='bbox 931 2093 1050 2158; x_wconf 81' lang='lat' dir='ltr'><strong>Tereia</strong></span> <span class='ocrx_word' id='word_1_164' title='bbox 1069 2093 1245 2181; x_wconf 82' lang='lat' dir='ltr'><strong>capadocis</strong></span> <span class='ocrx_word' id='word_1_165' title='bbox 1268 2096 1310 2160; x_wconf 91' lang='lat' dir='ltr'><strong>de</strong></span> <span class='ocrx_word' id='word_1_166' title='bbox 1331 2117 1397 2183; x_wconf 89' lang='lat' dir='ltr'><strong>qua</strong></span> <span class='ocrx_word' id='word_1_167' title='bbox 1424 2097 1487 2159; x_wconf 89' lang='lat' dir='ltr'><strong>iste</strong></span> <span class='ocrx_word' id='word_1_168' title='bbox 1510 2093 1588 2158; x_wconf 89' lang='lat' dir='ltr'><strong>dici·</strong></span> 
     </span>
    </p>
   </div>
   <div class='ocr_carea' id='block_1_4' title="bbox 186 2194 1586 2284">
    <p class='ocr_par' dir='ltr' id='par_1_4' title="bbox 186 2194 1586 2284">
     <span class='ocr_line' id='line_1_18' title="bbox 186 2194 1586 2284; baseline 0.002 -28"><span class='ocrx_word' id='word_1_169' title='bbox 186 2243 187 2246; x_wconf 37' lang='lat'><strong>.</strong></span> <span class='ocrx_word' id='word_1_170' title='bbox 289 2203 344 2257; x_wconf 89' lang='lat' dir='ltr'><strong>tur</strong></span> <span class='ocrx_word' id='word_1_171' title='bbox 378 2197 572 2259; x_wconf 87' lang='lat' dir='ltr'><strong>cesariensis</strong></span> <span class='ocrx_word' id='word_1_172' title='bbox 608 2194 695 2259; x_wconf 89' lang='lat' dir='ltr'><strong>unde</strong></span> <span class='ocrx_word' id='word_1_173' title='bbox 726 2195 882 2260; x_wconf 90' lang='lat' dir='ltr'><strong>oriundus</strong></span> <span class='ocrx_word' id='word_1_174' title='bbox 919 2196 984 2260; x_wconf 86' lang='lat' dir='ltr'><strong>fuit</strong></span> <span class='ocrx_word' id='word_1_175' title='bbox 1014 2203 1047 2258; x_wconf 89' lang='lat' dir='ltr'><strong>et</strong></span> <span class='ocrx_word' id='word_1_176' title='bbox 1078 2194 1125 2260; x_wconf 93' lang='lat' dir='ltr'><strong>ibi</strong></span> <span class='ocrx_word' id='word_1_177' title='bbox 1152 2195 1254 2262; x_wconf 84' lang='lat' dir='ltr'><strong>multo</strong></span> <span class='ocrx_word' id='word_1_178' title='bbox 1284 2205 1430 2284; x_wconf 86' lang='lat' dir='ltr'><strong>tempore</strong></span> <span class='ocrx_word' id='word_1_179' title='bbox 1464 2196 1586 2261; x_wconf 87' lang='lat' dir='ltr'><strong>docuit.</strong></span> 
     </span>
    </p>
   </div>
   <div class='ocr_carea' id='block_1_5' title="bbox 226 2294 1598 2588">
    <p class='ocr_par' dir='ltr' id='par_1_5' title="bbox 226 2294 1598 2588">
     <span class='ocr_line' id='line_1_19' title="bbox 291 2294 1598 2384; baseline 0.005 -27"><span class='ocrx_word' id='word_1_180' title='bbox 291 2294 410 2360; x_wconf 88' lang='lat' dir='ltr'><strong>Postea</strong></span> <span class='ocrx_word' id='word_1_181' title='bbox 422 2307 458 2361; x_wconf 81' lang='lat' dir='ltr'><strong>ut</strong></span> <span class='ocrx_word' id='word_1_182' title='bbox 469 2294 602 2384; x_wconf 89' lang='lat' dir='ltr'><strong>quidam</strong></span> <span class='ocrx_word' id='word_1_183' title='bbox 615 2305 766 2360; x_wconf 89' lang='lat' dir='ltr'><strong>asserunt</strong></span> <span class='ocrx_word' id='word_1_184' title='bbox 781 2317 890 2360; x_wconf 90' lang='lat' dir='ltr'><strong>romae</strong></span> <span class='ocrx_word' id='word_1_185' title='bbox 903 2297 976 2361; x_wconf 89' lang='lat' dir='ltr'><strong>fuit.</strong></span> <span class='ocrx_word' id='word_1_186' title='bbox 993 2296 1054 2360; x_wconf 89' lang='lat' dir='ltr'><strong>Vel</strong></span> <span class='ocrx_word' id='word_1_187' title='bbox 1064 2297 1244 2362; x_wconf 90' lang='lat' dir='ltr'><strong>secundum</strong></span> <span class='ocrx_word' id='word_1_188' title='bbox 1257 2297 1432 2364; x_wconf 89' lang='lat' dir='ltr'><strong>iohannem</strong></span> <span class='ocrx_word' id='word_1_189' title='bbox 1447 2307 1598 2364; x_wconf 36' lang='lat' dir='ltr'><strong>scottum*</strong></span> 
     </span>
     <span class='ocr_line' id='line_1_20' title="bbox 290 2390 1587 2486; baseline 0.003 -27"><span class='ocrx_word' id='word_1_190' title='bbox 290 2397 485 2461; x_wconf 89' lang='lat' dir='ltr'><strong>corariensis</strong></span> <span class='ocrx_word' id='word_1_191' title='bbox 507 2396 546 2484; x_wconf 86' lang='lat' dir='ltr'><strong>(i.</strong></span> <span class='ocrx_word' id='word_1_192' title='bbox 572 2395 818 2482; x_wconf 81' lang='lat' dir='ltr'><strong>Caesariensis)</strong></span> <span class='ocrx_word' id='word_1_193' title='bbox 848 2397 923 2462; x_wconf 92' lang='lat' dir='ltr'><strong>ideo</strong></span> <span class='ocrx_word' id='word_1_194' title='bbox 950 2399 1071 2464; x_wconf 90' lang='lat' dir='ltr'><strong>dicitur</strong></span> <span class='ocrx_word' id='word_1_195' title='bbox 1095 2407 1228 2486; x_wconf 90' lang='lat' dir='ltr'><strong>propter</strong></span> <span class='ocrx_word' id='word_1_196' title='bbox 1255 2390 1451 2484; x_wconf 81' lang='lat' dir='ltr'><strong>dignitatem</strong></span> <span class='ocrx_word' id='word_1_197' title='bbox 1477 2399 1587 2485; x_wconf 85' lang='lat' dir='ltr'><strong>idest</strong></span> 
     </span>
     <span class='ocr_line' id='line_1_21' title="bbox 226 2476 1584 2588; baseline 0.003 -28"><span class='ocrx_word' id='word_1_198' title='bbox 226 2476 236 2506; x_wconf 70' lang='lat'>⁸</span> <span class='ocrx_word' id='word_1_199' title='bbox 290 2481 435 2582; x_wconf 86' lang='lat' dir='ltr'><strong>regalis.&#39;</strong></span> <span class='ocrx_word' id='word_1_200' title='bbox 479 2498 560 2562; x_wconf 87' lang='lat' dir='ltr'><strong>talia</strong></span> <span class='ocrx_word' id='word_1_201' title='bbox 578 2507 675 2585; x_wconf 89' lang='lat' dir='ltr'><strong>atque</strong></span> <span class='ocrx_word' id='word_1_202' title='bbox 697 2498 747 2562; x_wconf 90' lang='lat' dir='ltr'><strong>his</strong></span> <span class='ocrx_word' id='word_1_203' title='bbox 768 2499 887 2564; x_wconf 91' lang='lat' dir='ltr'><strong>similia</strong></span> <span class='ocrx_word' id='word_1_204' title='bbox 909 2501 944 2565; x_wconf 91' lang='lat' dir='ltr'><strong>in</strong></span> <span class='ocrx_word' id='word_1_205' title='bbox 964 2503 1038 2566; x_wconf 91' lang='lat' dir='ltr'><strong>aiiis</strong></span> <span class='ocrx_word' id='word_1_206' title='bbox 1059 2501 1159 2565; x_wconf 83' lang='lat' dir='ltr'><strong>etiarn</strong></span> <span class='ocrx_word' id='word_1_207' title='bbox 1174 2499 1268 2566; x_wconf 89' lang='lat' dir='ltr'><strong>libris</strong></span> <span class='ocrx_word' id='word_1_208' title='bbox 1284 2501 1408 2587; x_wconf 88' lang='lat' dir='ltr'><strong>passim</strong></span> <span class='ocrx_word' id='word_1_209' title='bbox 1419 2499 1584 2588; x_wconf 66' lang='lat' dir='ltr'><strong>leguntur.</strong></span> 
     </span>
    </p>
   </div>
   <div class='ocr_carea' id='block_1_6' title="bbox 202 2649 1672 4474">
    <p class='ocr_par' dir='ltr' id='par_1_6' title="bbox 202 2649 1585 3046">
     <span class='ocr_line' id='line_1_22' title="bbox 375 2649 1585 2736; baseline 0.005 -25"><span class='ocrx_word' id='word_1_210' title='bbox 375 2650 409 2733; x_wconf 92' lang='grc'><strong>5)</strong></span> <span class='ocrx_word' id='word_1_211' title='bbox 430 2649 580 2714; x_wconf 87' lang='lat' dir='ltr'><strong>Alterum</strong></span> <span class='ocrx_word' id='word_1_212' title='bbox 597 2650 712 2718; x_wconf 89' lang='lat' dir='ltr'><strong>horum</strong></span> <span class='ocrx_word' id='word_1_213' title='bbox 727 2650 963 2736; x_wconf 85' lang='lat' dir='ltr'><strong>exemplarium</strong></span> <span class='ocrx_word' id='word_1_214' title='bbox 979 2662 1029 2716; x_wconf 91' lang='lat' dir='ltr'><strong>est</strong></span> <span class='ocrx_word' id='word_1_215' title='bbox 1044 2651 1172 2718; x_wconf 84' lang='lat' dir='ltr'><strong>codex</strong></span> <span class='ocrx_word' id='word_1_216' title='bbox 1191 2650 1488 2719; x_wconf 86' lang='lat' dir='ltr'><strong>bibliothecae</strong></span> <span class='ocrx_word' id='word_1_217' title='bbox 1509 2653 1585 2719; x_wconf 82' lang='lat' dir='ltr'><strong>Oa-</strong></span> 
     </span>
     <span class='ocr_line' id='line_1_23' title="bbox 289 2750 1583 2838; baseline 0.003 -23"><span class='ocrx_word' id='word_1_218' title='bbox 289 2750 572 2816; x_wconf 87' lang='lat' dir='ltr'><strong>roliruhensis</strong></span> <span class='ocrx_word' id='word_1_219' title='bbox 594 2753 665 2818; x_wconf 89' lang='grc'><strong>223</strong></span> <span class='ocrx_word' id='word_1_220' title='bbox 680 2751 738 2838; x_wconf 84' lang='lat' dir='ltr'><strong>(K)</strong></span> <span class='ocrx_word' id='word_1_221' title='bbox 752 2751 902 2836; x_wconf 63' lang='lat' dir='ltr'><strong>membr„</strong></span> <span class='ocrx_word' id='word_1_222' title='bbox 922 2752 1075 2818; x_wconf 90' lang='lat' dir='ltr'><strong>foliorum</strong></span> <span class='ocrx_word' id='word_1_223' title='bbox 1090 2754 1214 2819; x_wconf 81' lang='lat' dir='ltr'><strong>i&#39;ormae</strong></span> <span class='ocrx_word' id='word_1_224' title='bbox 1233 2753 1398 2818; x_wconf 85' lang='lat' dir='ltr'><strong>maximae</strong></span> <span class='ocrx_word' id='word_1_225' title='bbox 1413 2758 1472 2819; x_wconf 85' lang='lat'><strong>103</strong></span> <span class='ocrx_word' id='word_1_226' title='bbox 1481 2757 1514 2838; x_wconf 76' lang='lat'><strong>⁶⁴,</strong></span> <span class='ocrx_word' id='word_1_227' title='bbox 1535 2757 1583 2819; x_wconf 91' lang='lat' dir='ltr'><strong>in·</strong></span> 
     </span>
     <span class='ocr_line' id='line_1_24' title="bbox 290 2851 1582 2943; baseline 0.005 -29"><span class='ocrx_word' id='word_1_228' title='bbox 290 2851 494 2916; x_wconf 89' lang='lat' dir='ltr'><strong>stitutionum</strong></span> <span class='ocrx_word' id='word_1_229' title='bbox 504 2875 640 2940; x_wconf 89' lang='lat' dir='ltr'><strong>gramm.</strong></span> <span class='ocrx_word' id='word_1_230' title='bbox 652 2852 709 2918; x_wconf 90' lang='lat' dir='ltr'><strong>iib.</strong></span> <span class='ocrx_word' id='word_1_231' title='bbox 723 2852 867 2918; x_wconf 89' lang='lat' dir='ltr'>I-XVI</span> <span class='ocrx_word' id='word_1_232' title='bbox 877 2852 1105 2939; x_wconf 82' lang='lat' dir='ltr'><strong>complectens.</strong></span> <span class='ocrx_word' id='word_1_233' title='bbox 1129 2854 1351 2920; x_wconf 84' lang='lat' dir='ltr'><strong>Theodoriani</strong></span> <span class='ocrx_word' id='word_1_234' title='bbox 1363 2855 1506 2943; x_wconf 87' lang='lat' dir='ltr'><strong>exempli</strong></span> <span class='ocrx_word' id='word_1_235' title='bbox 1518 2877 1582 2920; x_wconf 87' lang='lat' dir='ltr'><strong>me·</strong></span> 
     </span>
     <span class='ocr_line' id='line_1_25' title="bbox 202 2941 1585 3046; baseline 0.004 -31"><span class='ocrx_word' id='word_1_236' title='bbox 202 3035 208 3046; x_wconf 42' lang='grc'>,</span> <span class='ocrx_word' id='word_1_237' title='bbox 289 2941 394 3018; x_wconf 89' lang='lat' dir='ltr'><strong>moria</strong></span> <span class='ocrx_word' id='word_1_238' title='bbox 413 2953 456 3018; x_wconf 89' lang='lat' dir='ltr'><strong>ad</strong></span> <span class='ocrx_word' id='word_1_239' title='bbox 469 2955 590 3020; x_wconf 88' lang='lat' dir='ltr'><strong>calcem</strong></span> <span class='ocrx_word' id='word_1_240' title='bbox 602 2956 658 3021; x_wconf 95' lang='lat' dir='ltr'><strong>lib.</strong></span> <span class='ocrx_word' id='word_1_241' title='bbox 675 2955 744 3034; x_wconf 89' lang='lat' dir='ltr'>XII</span> <span class='ocrx_word' id='word_1_242' title='bbox 760 2964 792 3018; x_wconf 88' lang='lat' dir='ltr'><strong>et</strong></span> <span class='ocrx_word' id='word_1_243' title='bbox 806 2953 912 3046; x_wconf 86' lang='lat' dir='ltr'>XIIII</span> <span class='ocrx_word' id='word_1_244' title='bbox 930 2957 1115 3022; x_wconf 86' lang='lat' dir='ltr'><strong>suscitatur.</strong></span> <span class='ocrx_word' id='word_1_245' title='bbox 1138 2980 1181 3022; x_wconf 85' lang='lat' dir='ltr'><strong>ex</strong></span> <span class='ocrx_word' id='word_1_246' title='bbox 1194 2957 1391 3022; x_wconf 88' lang='lat' dir='ltr'><strong>monasterio</strong></span> <span class='ocrx_word' id='word_1_247' title='bbox 1404 2957 1585 3023; x_wconf 88' lang='lat' dir='ltr'><strong>Rcichena-</strong></span> 
     </span>
    </p>

    <p class='ocr_par' dir='ltr' id='par_1_7' title="bbox 226 3055 1672 4474">
     <span class='ocr_line' id='line_1_26' title="bbox 288 3055 1584 3146; baseline 0 -26"><span class='ocrx_word' id='word_1_248' title='bbox 288 3056 395 3120; x_wconf 86' lang='lat' dir='ltr'><strong>viensi</strong></span> <span class='ocrx_word' id='word_1_249' title='bbox 404 3055 549 3121; x_wconf 89' lang='lat' dir='ltr'><strong>codicem</strong></span> <span class='ocrx_word' id='word_1_250' title='bbox 562 3067 756 3139; x_wconf 83' lang='lat' dir='ltr'><strong>ortumesse‚</strong></span> <span class='ocrx_word' id='word_1_251' title='bbox 773 3055 974 3122; x_wconf 86' lang='lat' dir='ltr'><strong>demonstrat</strong></span> <span class='ocrx_word' id='word_1_252' title='bbox 991 3058 1106 3124; x_wconf 89' lang='lat' dir='ltr'><strong>titulus</strong></span> <span class='ocrx_word' id='word_1_253' title='bbox 1122 3059 1470 3146; x_wconf 76' lang='lat' dir='ltr'><strong>‘lib.Augiemaioris&#39;.</strong></span> <span class='ocrx_word' id='word_1_254' title='bbox 1490 3057 1584 3121; x_wconf 87' lang='lat' dir='ltr'><strong>cuius</strong></span> 
     </span>
     <span class='ocr_line' id='line_1_27' title="bbox 286 3154 1581 3247; baseline 0.002 -29"><span class='ocrx_word' id='word_1_255' title='bbox 286 3154 508 3221; x_wconf 88' lang='lat' dir='ltr'><strong>bibliothecae</strong></span> <span class='ocrx_word' id='word_1_256' title='bbox 531 3167 623 3224; x_wconf 86' lang='lat' dir='ltr'><strong>extat</strong></span> <span class='ocrx_word' id='word_1_257' title='bbox 653 3158 822 3244; x_wconf 89' lang='lat' dir='ltr'><strong>catalogus</strong></span> <span class='ocrx_word' id='word_1_258' title='bbox 847 3179 933 3224; x_wconf 88' lang='lat' dir='ltr'><strong>anno</strong></span> <span class='ocrx_word' id='word_1_259' title='bbox 963 3159 1127 3226; x_wconf 84' lang='lat' dir='ltr'><strong>Ludovici</strong></span> <span class='ocrx_word' id='word_1_260' title='bbox 1153 3160 1516 3247; x_wconf 84' lang='lat' dir='ltr'><strong>imperatoris-octavo,</strong></span> <span class='ocrx_word' id='word_1_261' title='bbox 1548 3179 1581 3244; x_wconf 87' lang='lat' dir='ltr'><strong>p.</strong></span> 
     </span>
     <span class='ocr_line' id='line_1_28' title="bbox 263 3242 1584 3348; baseline 0.002 -28"><span class='ocrx_word' id='word_1_262' title='bbox 263 3242 381 3320; x_wconf 78' lang='lat' dir='ltr'><strong>&#39;O.&#39;n.</strong></span> <span class='ocrx_word' id='word_1_263' title='bbox 407 3257 484 3340; x_wconf 82' lang='lat'><strong>822,</strong></span> <span class='ocrx_word' id='word_1_264' title='bbox 507 3259 719 3329; x_wconf 76' lang='lat' dir='ltr'><strong>confectus³⁷.</strong></span> <span class='ocrx_word' id='word_1_265' title='bbox 766 3259 905 3326; x_wconf 89' lang='lat' dir='ltr'><strong>duorum</strong></span> <span class='ocrx_word' id='word_1_266' title='bbox 930 3270 1040 3325; x_wconf 88' lang='lat' dir='ltr'><strong>tamen</strong></span> <span class='ocrx_word' id='word_1_267' title='bbox 1069 3263 1126 3348; x_wconf 89' lang='lat' dir='ltr'><strong>qui</strong></span> <span class='ocrx_word' id='word_1_268' title='bbox 1146 3263 1194 3326; x_wconf 91' lang='lat' dir='ltr'><strong>ibi</strong></span> <span class='ocrx_word' id='word_1_269' title='bbox 1214 3261 1391 3327; x_wconf 88' lang='lat' dir='ltr'><strong>laudantur</strong></span> <span class='ocrx_word' id='word_1_270' title='bbox 1409 3262 1433 3295; x_wconf 76' lang='lat'><strong>⁵⁸</strong></span> <span class='ocrx_word' id='word_1_271' title='bbox 1462 3259 1523 3324; x_wconf 72' lang='lat' dir='ltr'><strong>‘de</strong></span> <span class='ocrx_word' id='word_1_272' title='bbox 1546 3257 1584 3322; x_wconf 85' lang='lat' dir='ltr'><strong>ii-</strong></span> 
     </span>
     <span class='ocr_line' id='line_1_29' title="bbox 287 3357 1583 3437; baseline 0.002 -14"><span class='ocrx_word' id='word_1_273' title='bbox 287 3357 356 3423; x_wconf 89' lang='lat' dir='ltr'><strong>bris</strong></span> <span class='ocrx_word' id='word_1_274' title='bbox 379 3357 561 3425; x_wconf 86' lang='lat' dir='ltr'><strong>Prisciani&#39;</strong></span> <span class='ocrx_word' id='word_1_275' title='bbox 594 3361 742 3426; x_wconf 89' lang='lat' dir='ltr'><strong>codicum</strong></span> <span class='ocrx_word' id='word_1_276' title='bbox 770 3361 1011 3437; x_wconf 74' lang='lat' dir='ltr'><strong>institutiones,</strong></span> <span class='ocrx_word' id='word_1_277' title='bbox 1027 3363 1262 3431; x_wconf 88' lang='lat' dir='ltr'><strong>continentium</strong></span> <span class='ocrx_word' id='word_1_278' title='bbox 1294 3364 1377 3429; x_wconf 85' lang='lat' dir='ltr'><strong>alter</strong></span> <span class='ocrx_word' id='word_1_279' title='bbox 1409 3363 1470 3428; x_wconf 77' lang='lat' dir='ltr'><strong>‘de</strong></span> <span class='ocrx_word' id='word_1_280' title='bbox 1488 3361 1583 3426; x_wconf 89' lang='lat' dir='ltr'><strong>litera</strong></span> 
     </span>
     <span class='ocr_line' id='line_1_30' title="bbox 288 3459 1672 3549; baseline 0.001 -26"><span class='ocrx_word' id='word_1_281' title='bbox 288 3459 328 3524; x_wconf 91' lang='lat' dir='ltr'><strong>de</strong></span> <span class='ocrx_word' id='word_1_282' title='bbox 352 3459 480 3545; x_wconf 86' lang='lat' dir='ltr'><strong>syllaba</strong></span> <span class='ocrx_word' id='word_1_283' title='bbox 502 3469 535 3525; x_wconf 88' lang='lat' dir='ltr'><strong>et</strong></span> <span class='ocrx_word' id='word_1_284' title='bbox 557 3461 596 3524; x_wconf 89' lang='lat' dir='ltr'><strong>de</strong></span> <span class='ocrx_word' id='word_1_285' title='bbox 617 3472 689 3527; x_wconf 89' lang='lat' dir='ltr'><strong>octo</strong></span> <span class='ocrx_word' id='word_1_286' title='bbox 705 3463 854 3549; x_wconf 86' lang='lat' dir='ltr'><strong>partibus</strong></span> <span class='ocrx_word' id='word_1_287' title='bbox 874 3465 1031 3530; x_wconf 88' lang='lat' dir='ltr'><strong>orationis</strong></span> <span class='ocrx_word' id='word_1_288' title='bbox 1051 3464 1109 3530; x_wconf 91' lang='lat' dir='ltr'><strong>lib.</strong></span> <span class='ocrx_word' id='word_1_289' title='bbox 1123 3465 1207 3530; x_wconf 86' lang='lat' dir='ltr'><strong>XVI</strong></span> <span class='ocrx_word' id='word_1_290' title='bbox 1229 3475 1262 3530; x_wconf 90' lang='lat' dir='ltr'><strong>et</strong></span> <span class='ocrx_word' id='word_1_291' title='bbox 1283 3463 1583 3530; x_wconf 87' lang='lat' dir='ltr'><strong>deconstruotione</strong></span> <span class='ocrx_word' id='word_1_292' title='bbox 1661 3537 1672 3546; x_wconf 21' lang='grc' dir='ltr'><strong>ἱ</strong></span> 
     </span>
     <span class='ocr_line' id='line_1_31' title="bbox 287 3559 1583 3650; baseline 0.005 -29"><span class='ocrx_word' id='word_1_293' title='bbox 287 3559 344 3623; x_wconf 91' lang='lat' dir='ltr'><strong>iib.</strong></span> <span class='ocrx_word' id='word_1_294' title='bbox 367 3561 398 3623; x_wconf 90' lang='lat' dir='ltr'>V</span> <span class='ocrx_word' id='word_1_295' title='bbox 423 3561 460 3645; x_wconf 86' lang='lat' dir='ltr'><strong>(l.</strong></span> <span class='ocrx_word' id='word_1_296' title='bbox 481 3560 536 3644; x_wconf 88' lang='lat' dir='ltr'><strong>II)</strong></span> <span class='ocrx_word' id='word_1_297' title='bbox 565 3562 600 3626; x_wconf 93' lang='lat' dir='ltr'><strong>in</strong></span> <span class='ocrx_word' id='word_1_298' title='bbox 621 3561 692 3626; x_wconf 93' lang='lat' dir='ltr'><strong>cod.</strong></span> <span class='ocrx_word' id='word_1_299' title='bbox 714 3561 766 3645; x_wconf 87' lang='lat' dir='ltr'><strong>I’,</strong></span> <span class='ocrx_word' id='word_1_300' title='bbox 803 3565 884 3628; x_wconf 89' lang='lat' dir='ltr'><strong>alter</strong></span> <span class='ocrx_word' id='word_1_301' title='bbox 913 3565 1045 3630; x_wconf 89' lang='lat' dir='ltr'><strong>eosdem</strong></span> <span class='ocrx_word' id='word_1_302' title='bbox 1078 3566 1181 3631; x_wconf 89' lang='lat' dir='ltr'><strong>libros</strong></span> <span class='ocrx_word' id='word_1_303' title='bbox 1212 3566 1341 3631; x_wconf 89' lang='lat' dir='ltr'><strong>adiecto</strong></span> <span class='ocrx_word' id='word_1_304' title='bbox 1371 3562 1520 3650; x_wconf 90' lang='lat' dir='ltr'><strong>Pompeii</strong></span> <span class='ocrx_word' id='word_1_305' title='bbox 1547 3564 1583 3628; x_wconf 89' lang='lat' dir='ltr'><strong>in</strong></span> 
     </span>
     <span class='ocr_line' id='line_1_32' title="bbox 286 3657 1582 3755; baseline 0.005 -33"><span class='ocrx_word' id='word_1_306' title='bbox 286 3659 453 3724; x_wconf 85' lang='lat' dir='ltr'><strong>Donatum</strong></span> <span class='ocrx_word' id='word_1_307' title='bbox 475 3657 616 3726; x_wconf 85' lang='lat' dir='ltr'><strong>tractatu</strong></span> <span class='ocrx_word' id='word_1_308' title='bbox 637 3662 823 3728; x_wconf 84' lang='lat' dir='ltr'><strong>exhibebat.</strong></span> <span class='ocrx_word' id='word_1_309' title='bbox 857 3666 902 3730; x_wconf 90' lang='lat' dir='ltr'><strong>ad</strong></span> <span class='ocrx_word' id='word_1_310' title='bbox 928 3665 1042 3731; x_wconf 90' lang='lat' dir='ltr'><strong>horum</strong></span> <span class='ocrx_word' id='word_1_311' title='bbox 1064 3665 1255 3732; x_wconf 86' lang='lat' dir='ltr'><strong>alterutrum</strong></span> <span class='ocrx_word' id='word_1_312' title='bbox 1279 3667 1422 3755; x_wconf 87' lang='lat' dir='ltr'><strong>pertinet</strong></span> <span class='ocrx_word' id='word_1_313' title='bbox 1442 3663 1582 3729; x_wconf 84' lang='lat' dir='ltr'><strong>fortasse</strong></span> 
     </span>
     <span class='ocr_line' id='line_1_33' title="bbox 285 3759 1583 3856; baseline 0.005 -32"><span class='ocrx_word' id='word_1_314' title='bbox 285 3759 419 3824; x_wconf 90' lang='lat' dir='ltr'><strong>Klockii</strong></span> <span class='ocrx_word' id='word_1_315' title='bbox 442 3761 485 3826; x_wconf 89' lang='lat' dir='ltr'><strong>ad</strong></span> <span class='ocrx_word' id='word_1_316' title='bbox 505 3761 642 3828; x_wconf 84' lang='lat' dir='ltr'><strong>Livium</strong></span> <span class='ocrx_word' id='word_1_317' title='bbox 663 3763 728 3827; x_wconf 93' lang='lat' dir='ltr'><strong>Vll</strong></span> <span class='ocrx_word' id='word_1_318' title='bbox 750 3766 780 3846; x_wconf 85' lang='lat'><strong>3,</strong></span> <span class='ocrx_word' id='word_1_319' title='bbox 805 3770 823 3828; x_wconf 88' lang='grc'>7</span> <span class='ocrx_word' id='word_1_320' title='bbox 845 3765 1029 3848; x_wconf 86' lang='lat' dir='ltr'><strong>adnotatio,</strong></span> <span class='ocrx_word' id='word_1_321' title='bbox 1056 3770 1112 3852; x_wconf 86' lang='lat' dir='ltr'><strong>qui</strong></span> <span class='ocrx_word' id='word_1_322' title='bbox 1134 3778 1247 3833; x_wconf 88' lang='lat' dir='ltr'><strong>narrat</strong></span> <span class='ocrx_word' id='word_1_323' title='bbox 1265 3769 1353 3856; x_wconf 91' lang='lat' dir='ltr'><strong>apud</strong></span> <span class='ocrx_word' id='word_1_324' title='bbox 1375 3767 1583 3842; x_wconf 86' lang='lat' dir='ltr'><strong>Priscianum</strong></span> 
     </span>
     <span class='ocr_line' id='line_1_34' title="bbox 286 3861 1580 3957; baseline 0.002 -32"><span class='ocrx_word' id='word_1_325' title='bbox 286 3861 342 3926; x_wconf 90' lang='lat' dir='ltr'><strong>lib.</strong></span> <span class='ocrx_word' id='word_1_326' title='bbox 367 3861 396 3924; x_wconf 91' lang='lat' dir='ltr'>V</span> <span class='ocrx_word' id='word_1_327' title='bbox 416 3865 435 3944; x_wconf 65' lang='grc' dir='ltr'>ξ</span> <span class='ocrx_word' id='word_1_328' title='bbox 456 3865 474 3926; x_wconf 86' lang='grc'>9</span> <span class='ocrx_word' id='word_1_329' title='bbox 496 3865 531 3927; x_wconf 90' lang='lat' dir='ltr'><strong>in</strong></span> <span class='ocrx_word' id='word_1_330' title='bbox 554 3864 701 3951; x_wconf 78' lang='lat' dir='ltr'><strong>‘Augias</strong></span> <span class='ocrx_word' id='word_1_331' title='bbox 720 3865 945 3930; x_wconf 88' lang='lat' dir='ltr'><strong>vetustissimo</strong></span> <span class='ocrx_word' id='word_1_332' title='bbox 965 3875 1036 3932; x_wconf 69' lang='lat' dir='ltr'><strong>ms!</strong></span> <span class='ocrx_word' id='word_1_333' title='bbox 1056 3878 1206 3934; x_wconf 70' lang='lat' dir='ltr'><strong>‘nurano’</strong></span> <span class='ocrx_word' id='word_1_334' title='bbox 1229 3869 1296 3957; x_wconf 87' lang='lat' dir='ltr'><strong>legi</strong></span> <span class='ocrx_word' id='word_1_335' title='bbox 1317 3890 1376 3956; x_wconf 89' lang='lat' dir='ltr'><strong>pro</strong></span> <span class='ocrx_word' id='word_1_336' title='bbox 1398 3867 1580 3932; x_wconf 76' lang='lat' dir='ltr'><strong>‘Rusoiu0’.</strong></span> 
     </span>
     <span class='ocr_line' id='line_1_35' title="bbox 286 3965 1581 4053; baseline 0.002 -25"><span class='ocrx_word' id='word_1_337' title='bbox 286 3973 397 4029; x_wconf 88' lang='lat' dir='ltr'><strong>noster</strong></span> <span class='ocrx_word' id='word_1_338' title='bbox 425 3966 512 4030; x_wconf 92' lang='lat' dir='ltr'><strong>enim</strong></span> <span class='ocrx_word' id='word_1_339' title='bbox 534 3965 632 4048; x_wconf 89' lang='lat' dir='ltr'><strong>iiber,</strong></span> <span class='ocrx_word' id='word_1_340' title='bbox 664 3967 737 4053; x_wconf 88' lang='lat' dir='ltr'><strong>qui,</strong></span> <span class='ocrx_word' id='word_1_341' title='bbox 769 3985 843 4029; x_wconf 89' lang='lat' dir='ltr'><strong>cum</strong></span> <span class='ocrx_word' id='word_1_342' title='bbox 864 3967 898 4031; x_wconf 91' lang='lat' dir='ltr'><strong>in</strong></span> <span class='ocrx_word' id='word_1_343' title='bbox 917 3967 982 4033; x_wconf 89' lang='lat' dir='ltr'><strong>fine</strong></span> <span class='ocrx_word' id='word_1_344' title='bbox 1001 3969 1138 4036; x_wconf 88' lang='lat' dir='ltr'><strong>mutilus</strong></span> <span class='ocrx_word' id='word_1_345' title='bbox 1161 3970 1310 4052; x_wconf 88' lang='lat' dir='ltr'><strong>nonsit,</strong></span> <span class='ocrx_word' id='word_1_346' title='bbox 1340 3967 1470 4032; x_wconf 87' lang='lat' dir='ltr'><strong>abillis</strong></span> <span class='ocrx_word' id='word_1_347' title='bbox 1493 3976 1581 4032; x_wconf 86' lang='lat' dir='ltr'><strong>certe</strong></span> 
     </span>
     <span class='ocr_line' id='line_1_36' title="bbox 238 4056 1581 4156; baseline -0.003 -20"><span class='ocrx_word' id='word_1_348' title='bbox 238 4079 262 4136; x_wconf 82' lang='grc'><strong>.“</strong></span> <span class='ocrx_word' id='word_1_349' title='bbox 286 4066 437 4132; x_wconf 85' lang='lat' dir='ltr'><strong>diversus</strong></span> <span class='ocrx_word' id='word_1_350' title='bbox 462 4075 527 4151; x_wconf 92' lang='lat' dir='ltr'><strong>est,</strong></span> <span class='ocrx_word' id='word_1_351' title='bbox 563 4089 601 4134; x_wconf 90' lang='lat' dir='ltr'><strong>eo</strong></span> <span class='ocrx_word' id='word_1_352' title='bbox 624 4066 645 4130; x_wconf 91' lang='lat' dir='ltr'><strong>l.</strong></span> <span class='ocrx_word' id='word_1_353' title='bbox 668 4067 803 4155; x_wconf 89' lang='lat' dir='ltr'><strong>praebet</strong></span> <span class='ocrx_word' id='word_1_354' title='bbox 826 4073 1012 4138; x_wconf 72' lang='lat' dir='ltr'><strong>‘nusoino&#39;.</strong></span> <span class='ocrx_word' id='word_1_355' title='bbox 1069 4056 1235 4136; x_wconf 86' lang='lat' dir='ltr'><strong>crederem</strong></span> <span class='ocrx_word' id='word_1_356' title='bbox 1267 4068 1377 4156; x_wconf 89' lang='lat' dir='ltr'><strong>potius</strong></span> <span class='ocrx_word' id='word_1_357' title='bbox 1407 4089 1482 4134; x_wconf 89' lang='lat' dir='ltr'><strong>eum</strong></span> <span class='ocrx_word' id='word_1_358' title='bbox 1508 4091 1581 4133; x_wconf 87' lang='lat' dir='ltr'><strong>esse</strong></span> 
     </span>
     <span class='ocr_line' id='line_1_37' title="bbox 285 4167 1582 4258; baseline 0.002 -27"><span class='ocrx_word' id='word_1_359' title='bbox 285 4167 469 4233; x_wconf 79' lang='lat' dir='ltr'><strong>‘Prisciani</strong></span> <span class='ocrx_word' id='word_1_360' title='bbox 491 4169 531 4233; x_wconf 93' lang='lat' dir='ltr'><strong>de</strong></span> <span class='ocrx_word' id='word_1_361' title='bbox 552 4177 622 4233; x_wconf 90' lang='lat' dir='ltr'><strong>arte</strong></span> <span class='ocrx_word' id='word_1_362' title='bbox 643 4190 779 4254; x_wconf 87' lang='lat' dir='ltr'><strong>gramm.</strong></span> <span class='ocrx_word' id='word_1_363' title='bbox 807 4169 863 4235; x_wconf 93' lang='lat' dir='ltr'><strong>lib.</strong></span> <span class='ocrx_word' id='word_1_364' title='bbox 891 4170 924 4254; x_wconf 92' lang='grc' dir='ltr'><strong>Ι,</strong></span> <span class='ocrx_word' id='word_1_365' title='bbox 956 4194 1052 4258; x_wconf 89' lang='lat' dir='ltr'><strong>quem</strong></span> <span class='ocrx_word' id='word_1_366' title='bbox 1072 4172 1216 4256; x_wconf 85' lang='lat' dir='ltr'><strong>Vragrat</strong></span> <span class='ocrx_word' id='word_1_367' title='bbox 1235 4169 1408 4256; x_wconf 77' lang='lat' dir='ltr'><strong>presbyter</strong></span> <span class='ocrx_word' id='word_1_368' title='bbox 1430 4169 1533 4234; x_wconf 89' lang='lat' dir='ltr'><strong>dedit&#39;</strong></span> <span class='ocrx_word' id='word_1_369' title='bbox 1549 4171 1582 4252; x_wconf 77' lang='lat'><strong>⁵⁰,</strong></span> 
     </span>
     <span class='ocr_line' id='line_1_38' title="bbox 285 4267 1582 4360; baseline -0.001 -25"><span class='ocrx_word' id='word_1_370' title='bbox 285 4267 462 4335; x_wconf 82' lang='lat' dir='ltr'><strong>Erleboldo</strong></span> <span class='ocrx_word' id='word_1_371' title='bbox 493 4269 613 4334; x_wconf 88' lang='lat' dir='ltr'><strong>abbate</strong></span> <span class='ocrx_word' id='word_1_372' title='bbox 636 4271 680 4358; x_wconf 88' lang='lat' dir='ltr'><strong>(a.</strong></span> <span class='ocrx_word' id='word_1_373' title='bbox 703 4271 903 4358; x_wconf 81' lang='lat'>823-838)</span> <span class='ocrx_word' id='word_1_374' title='bbox 927 4274 1100 4360; x_wconf 87' lang='lat' dir='ltr'><strong>seriptum,</strong></span> <span class='ocrx_word' id='word_1_375' title='bbox 1130 4271 1195 4335; x_wconf 91' lang='lat' dir='ltr'><strong>nisi</strong></span> <span class='ocrx_word' id='word_1_376' title='bbox 1223 4269 1270 4334; x_wconf 92' lang='lat' dir='ltr'><strong>ibi</strong></span> <span class='ocrx_word' id='word_1_377' title='bbox 1291 4274 1401 4358; x_wconf 88' lang='lat' dir='ltr'><strong>potius</strong></span> <span class='ocrx_word' id='word_1_378' title='bbox 1423 4293 1508 4336; x_wconf 88' lang='lat' dir='ltr'><strong>uuus</strong></span> <span class='ocrx_word' id='word_1_379' title='bbox 1538 4291 1582 4335; x_wconf 85' lang='lat' dir='ltr'><strong>ex</strong></span> 
     </span>
     <span class='ocr_line' id='line_1_39' title="bbox 226 4369 1580 4474; baseline 0 -40"><span class='ocrx_word' id='word_1_380' title='bbox 226 4395 235 4416; x_wconf 83' lang='lat'><strong>·</strong></span> <span class='ocrx_word' id='word_1_381' title='bbox 285 4369 513 4456; x_wconf 87' lang='lat' dir='ltr'><strong>duodeviginti</strong></span> <span class='ocrx_word' id='word_1_382' title='bbox 533 4373 612 4436; x_wconf 86' lang='lat' dir='ltr'><strong>artis</strong></span> <span class='ocrx_word' id='word_1_383' title='bbox 631 4394 768 4458; x_wconf 82' lang='lat' dir='ltr'><strong>gramm.</strong></span> <span class='ocrx_word' id='word_1_384' title='bbox 791 4369 882 4438; x_wconf 89' lang='lat' dir='ltr'><strong>libris</strong></span> <span class='ocrx_word' id='word_1_385' title='bbox 905 4395 1002 4460; x_wconf 90' lang='lat' dir='ltr'><strong>quam</strong></span> <span class='ocrx_word' id='word_1_386' title='bbox 1023 4395 1109 4440; x_wconf 89' lang='lat' dir='ltr'><strong>unus</strong></span> <span class='ocrx_word' id='word_1_387' title='bbox 1129 4371 1237 4438; x_wconf 82' lang='lat' dir='ltr'><strong>codex</strong></span> <span class='ocrx_word' id='word_1_388' title='bbox 1257 4372 1399 4474; x_wconf 77' lang='lat' dir='ltr'><strong>sedecim</strong></span> <span class='ocrx_word' id='word_1_389' title='bbox 1420 4371 1580 4438; x_wconf 92' lang='lat' dir='ltr'><strong>librorum</strong></span> 
     </span>
    </p>
   </div>
   <div class='ocr_carea' id='block_1_7' title="bbox 282 4563 1579 4835">
    <p class='ocr_par' dir='ltr' id='par_1_8' title="bbox 282 4563 1579 4835">
     <span class='ocr_line' id='line_1_40' title="bbox 353 4563 1579 4668; baseline -0.001 -23"><span class='ocrx_word' id='word_1_390' title='bbox 353 4594 387 4646; x_wconf 85' lang='grc'><strong>56</strong></span> <span class='ocrx_word' id='word_1_391' title='bbox 405 4593 439 4644; x_wconf 88' lang='lat' dir='ltr'><strong>ci.</strong></span> <span class='ocrx_word' id='word_1_392' title='bbox 458 4593 557 4647; x_wconf 88' lang='lat' dir='ltr'><strong>Zeussii</strong></span> <span class='ocrx_word' id='word_1_393' title='bbox 574 4563 766 4668; x_wconf 82' lang='lat' dir='ltr'><strong>grammaticam</strong></span> <span class='ocrx_word' id='word_1_394' title='bbox 783 4595 904 4648; x_wconf 81' lang='lat' dir='ltr'><strong>Celticum</strong></span> <span class='ocrx_word' id='word_1_395' title='bbox 925 4599 936 4647; x_wconf 94' lang='lat'><em>1</em></span> <span class='ocrx_word' id='word_1_396' title='bbox 959 4613 986 4663; x_wconf 91' lang='lat' dir='ltr'><strong>p.</strong></span> <span class='ocrx_word' id='word_1_397' title='bbox 1006 4596 1105 4648; x_wconf 85' lang='lat' dir='ltr'>XXXII</span> <span class='ocrx_word' id='word_1_398' title='bbox 1123 4611 1176 4659; x_wconf 90' lang='lat' dir='ltr'><strong>sq.;</strong></span> <span class='ocrx_word' id='word_1_399' title='bbox 1199 4597 1341 4660; x_wconf 86' lang='lat' dir='ltr'><strong>scripturae</strong></span> <span class='ocrx_word' id='word_1_400' title='bbox 1354 4596 1485 4662; x_wconf 85' lang='lat' dir='ltr'><strong>specimen</strong></span> <span class='ocrx_word' id='word_1_401' title='bbox 1503 4611 1579 4646; x_wconf 83' lang='lat' dir='ltr'><strong>sccu-</strong></span> 
     </span>
     <span class='ocr_line' id='line_1_41' title="bbox 282 4680 1575 4751; baseline 0.002 -25"><span class='ocrx_word' id='word_1_402' title='bbox 282 4685 336 4728; x_wconf 85' lang='lat' dir='ltr'><strong>rate</strong></span> <span class='ocrx_word' id='word_1_403' title='bbox 355 4680 484 4746; x_wconf 86' lang='lat' dir='ltr'><strong>depictum</strong></span> <span class='ocrx_word' id='word_1_404' title='bbox 501 4689 571 4732; x_wconf 82' lang='lat' dir='ltr'><strong>extat</strong></span> <span class='ocrx_word' id='word_1_405' title='bbox 588 4683 658 4748; x_wconf 89' lang='lat' dir='ltr'><strong>apud</strong></span> <span class='ocrx_word' id='word_1_406' title='bbox 674 4681 835 4734; x_wconf 86' lang='lat' dir='ltr'><strong>Siivestrium</strong></span> <span class='ocrx_word' id='word_1_407' title='bbox 853 4683 1039 4751; x_wconf 75' lang='lat' dir='ltr'><strong>paieogrsphu</strong></span> <span class='ocrx_word' id='word_1_408' title='bbox 1054 4680 1208 4734; x_wconf 71' lang='lat' dir='ltr'><strong>uniuersalis</strong></span> <span class='ocrx_word' id='word_1_409' title='bbox 1226 4682 1332 4732; x_wconf 85' lang='lat' dir='ltr'><strong>tom.1V</strong></span> <span class='ocrx_word' id='word_1_410' title='bbox 1349 4683 1432 4734; x_wconf 80' lang='lat' dir='ltr'><strong>Paris.</strong></span> <span class='ocrx_word' id='word_1_411' title='bbox 1442 4682 1509 4734; x_wconf 78' lang='lat'>1841</span> <span class='ocrx_word' id='word_1_412' title='bbox 1528 4681 1575 4732; x_wconf 84' lang='lat' dir='ltr'><strong>iol.</strong></span> 
     </span>
     <span class='ocr_line' id='line_1_42' title="bbox 283 4763 1576 4835; baseline 0.004 -24"><span class='ocrx_word' id='word_1_413' title='bbox 283 4763 334 4812; x_wconf 85' lang='lat' dir='ltr'><strong>tab.</strong></span> <span class='ocrx_word' id='word_1_414' title='bbox 355 4764 388 4814; x_wconf 89' lang='lat'><strong>10</strong></span> <span class='ocrx_word' id='word_1_415' title='bbox 473 4769 506 4818; x_wconf 86' lang='grc'><strong>57</strong></span> <span class='ocrx_word' id='word_1_416' title='bbox 520 4783 573 4833; x_wconf 74' lang='lat' dir='ltr'><strong>ap.</strong></span> <span class='ocrx_word' id='word_1_417' title='bbox 591 4768 757 4835; x_wconf 81' lang='lat' dir='ltr'><strong>Neugartium</strong></span> <span class='ocrx_word' id='word_1_418' title='bbox 780 4769 944 4835; x_wconf 82' lang='lat' dir='ltr'><strong>episcopatus</strong></span> <span class='ocrx_word' id='word_1_419' title='bbox 962 4771 1161 4822; x_wconf 74' lang='lat' dir='ltr'><strong>constantiensis</strong></span> <span class='ocrx_word' id='word_1_420' title='bbox 1178 4766 1342 4818; x_wconf 77' lang='lat' dir='ltr'><strong>hiemantem</strong></span> <span class='ocrx_word' id='word_1_421' title='bbox 1367 4784 1395 4834; x_wconf 89' lang='lat' dir='ltr'><strong>p.</strong></span> <span class='ocrx_word' id='word_1_422' title='bbox 1410 4769 1422 4818; x_wconf 94' lang='lat'><em>1</em></span> <span class='ocrx_word' id='word_1_423' title='bbox 1438 4775 1458 4817; x_wconf 91' lang='lat' dir='ltr'><strong>t.</strong></span> <span class='ocrx_word' id='word_1_424' title='bbox 1477 4769 1488 4816; x_wconf 91' lang='lat'>1</span> <span class='ocrx_word' id='word_1_425' title='bbox 1506 4767 1576 4832; x_wconf 73' lang='lat' dir='ltr'><strong>typis</strong></span> 
     </span>
    </p>
   </div>
   <div class='ocr_carea' id='block_1_8' title="bbox 279 4845 1376 4922">
    <p class='ocr_par' dir='ltr' id='par_1_9' title="bbox 279 4845 1376 4922">
     <span class='ocr_line' id='line_1_43' title="bbox 279 4845 1376 4922; baseline 0.011 -28"><span class='ocrx_word' id='word_1_426' title='bbox 279 4845 305 4899; x_wconf 89' lang='lat' dir='ltr'><strong>S.</strong></span> <span class='ocrx_word' id='word_1_427' title='bbox 327 4848 406 4901; x_wconf 84' lang='lat' dir='ltr'><strong>Blasii</strong></span> <span class='ocrx_word' id='word_1_428' title='bbox 424 4851 490 4904; x_wconf 85' lang='lat'>1803</span> <span class='ocrx_word' id='word_1_429' title='bbox 506 4857 531 4906; x_wconf 90' lang='grc'><strong>4.</strong></span> <span class='ocrx_word' id='word_1_430' title='bbox 552 4868 577 4920; x_wconf 91' lang='lat' dir='ltr'><strong>p.</strong></span> <span class='ocrx_word' id='word_1_431' title='bbox 598 4854 649 4907; x_wconf 78' lang='lat'><strong>536</strong></span> <span class='ocrx_word' id='word_1_432' title='bbox 666 4871 722 4919; x_wconf 86' lang='lat' dir='ltr'><strong>sqq.</strong></span> <span class='ocrx_word' id='word_1_433' title='bbox 795 4855 828 4906; x_wconf 85' lang='grc'><strong>58</strong></span> <span class='ocrx_word' id='word_1_434' title='bbox 848 4855 865 4908; x_wconf 91' lang='lat' dir='ltr'><strong>i.</strong></span> <span class='ocrx_word' id='word_1_435' title='bbox 885 4856 904 4908; x_wconf 94' lang='lat' dir='ltr'><strong>i.</strong></span> <span class='ocrx_word' id='word_1_436' title='bbox 924 4872 950 4922; x_wconf 87' lang='lat' dir='ltr'><strong>p.</strong></span> <span class='ocrx_word' id='word_1_437' title='bbox 968 4857 1019 4908; x_wconf 87' lang='grc'><strong>542</strong></span> <span class='ocrx_word' id='word_1_438' title='bbox 1033 4871 1072 4918; x_wconf 81' lang='lat' dir='ltr'><strong>sq,</strong></span> <span class='ocrx_word' id='word_1_439' title='bbox 1148 4854 1183 4907; x_wconf 81' lang='lat' dir='ltr'><strong>oo</strong></span> <span class='ocrx_word' id='word_1_440' title='bbox 1201 4853 1218 4904; x_wconf 90' lang='lat' dir='ltr'><strong>i.</strong></span> <span class='ocrx_word' id='word_1_441' title='bbox 1240 4854 1258 4905; x_wconf 90' lang='lat' dir='ltr'><strong>i.</strong></span> <span class='ocrx_word' id='word_1_442' title='bbox 1278 4869 1306 4920; x_wconf 87' lang='lat' dir='ltr'><strong>p.</strong></span> <span class='ocrx_word' id='word_1_443' title='bbox 1322 4855 1376 4906; x_wconf 87' lang='grc'><strong>545</strong></span> 
     </span>
    </p>
   </div>
   <div class='ocr_carea' id='block_1_9' title="bbox 0 0 1804 5584">
    <p class='ocr_par' dir='ltr' id='par_1_10' title="bbox 0 0 1804 5584">
     <span class='ocr_line' id='line_1_44' title="bbox 0 0 1804 5584; baseline 0 3"><span class='ocrx_word' id='word_1_444' title='bbox 0 0 1804 5584; x_wconf 95' lang='lat' dir='ltr'><strong> </strong></span> 
     </span>
    </p>
   </div>
  </div>
 </body>
</html>
