3600 5584
720 373 929 438 PRAEFATIO
1396 405 1470 448 xvim

172 573 242 617 eum
267 550 348 614 olim
368 551 472 618 fuisse
494 553 613 618 docent
632 553 712 621 haec
734 557 837 624 verba
860 561 895 624 in
916 563 1014 626 tertio
1037 583 1058 626 a
1085 562 1150 628 tine
1177 563 1272 630 folio:
1307 566 1387 632 ‘hoc
1405 590 1472 633 ma·

172 655 220 718 ius
249 653 406 719 volumen
430 655 587 741 prisciani
617 658 698 722 artis
724 641 937 743 grammatice
967 673 1020 727 est
1049 664 1141 728 beati
1169 665 1317 752 stephani
1340 668 1472 755 protho-

172 755 337 838 martiris',
374 757 429 820 cui
456 765 539 822 teste
563 758 710 822 eiusdem
739 759 958 828 bibliothecae
985 764 1056 829 eod.
1081 767 1182 828 13181
1209 765 1266 830 fol.
1291 773 1302 830 1
1328 770 1469 834 Priscia-

172 878 230 920 nus
259 878 335 922 eum
369 857 494 944 aliquot
520 857 595 923 aliis
622 859 717 926 codd.
747 862 802 926 ‘ad
820 863 1037 930 eruditionem
1059 866 1245 932 scolarium’
1270 869 1401 941 oblatus
1422 879 1473 936 est

172 959 430 1025 ahiamuuardo
449 959 587 1025 diacono
609 963 715 1026 sancti
735 962 893 1052 Stephani
914 967 950 1030 in
968 965 1181 1033 Halberstad.
1204 972 1377 1053 canonico,
1414 975 1472 1059 qui

172 1117 268 1175 ‘auno
295 1111 338 1176 ab
370 1113 596 1178 incarnatione
626 1113 748 1180 domiui
769 1082 1002 1184 M.O.XL.VIl
1024 1121 1113 1209 apud
1133 1129 1241 1186 trecas
1271 1123 1306 1186 in
1326 1121 1471 1210 burgun-

173 1263 225 1328 dia
246 1225 294 1328 Vl
319 1265 395 1330 idus
425 1265 539 1354 aprilis
564 1266 605 1332 de
627 1265 724 1334 huius
745 1271 812 1335 uite
835 1272 1002 1357 ergastulo
1024 1273 1069 1338 ad
1087 1274 1413 1360 requiemmigrauit
1436 1284 1470 1338 et

174 1383 255 1471 apud
280 1370 349 1449 seru
369 1381 481 1470 lupum
501 1385 643 1452 fideliter
670 1391 869 1477 requiescit’.
921 1390 976 1456 hic
1002 1391 1071 1457 illic
1097 1392 1293 1457 exciderunt
1320 1390 1416 1473 folia,
1451 1413 1473 1454 a

175 1509 214 1548 m.
236 1507 301 1550 rec.
324 1487 444 1575 partim
466 1486 664 1576 suppleta⁸⁴.

253 1587 317 1652 His
338 1587 452 1652 addidi
475 1589 622 1654 eiusdem
638 1590 707 1657 fere
724 1593 842 1658 aetatis
859 1595 1071 1684 eiusdemque
1085 1596 1183 1683 pretii
1205 1597 1240 1680 9)
1263 1593 1471 1679 fragmen·
1519 1608 1524 1621 ¹

172 1699 249 1754 tum
272 1689 565 1756 bibliothecae
587 1693 782 1779 publicae
805 1697 1071 1762 Amienensis
1094 1699 1169 1785 (A),
1196 1696 1284 1784 quod
1307 1705 1341 1760 et
1362 1696 1470 1782 ipsum

173 1794 204 1856 in
224 1792 374 1878 catalogo
395 1814 415 1856 a
437 1792 598 1860 Garnerio
620 1795 770 1861 coniecto
792 1795 923 1862 saeculo
942 1821 1029 1864 nono
1049 1801 1205 1865 tribuitur
1219 1802 1254 1881 ⁸⁵,
1276 1797 1360 1862 mihi
1381 1820 1401 1860 a
1415 1819 1471 1863 va-

172 1897 226 1958 n'is
248 1917 337 1960 saec.
359 1895 394 1960 X
416 1904 448 1962 et
469 1897 521 1960 XI
543 1898 697 1963 manibus
719 1900 951 1964 concinnatum
967 1902 1110 1966 videtur.
1155 1909 1285 1966 constat
1305 1922 1372 1965 uno
1392 1921 1471 1986 qua-

173 1999 316 2063 ternione
336 1999 416 2062 artis
438 2020 575 2084 gramm.
599 2000 730 2065 initium
751 2000 930 2066 exhibente
947 2004 1110 2091 usquead
1130 2004 1270 2068 ‘navita’
1292 2001 1349 2066 lib.
1364 2001 1413 2080 15
1428 2003 1470 2063 52

173 2108 204 2162 et
223 2099 330 2163 tribus
351 2099 621 2186 quaternionibus
651 2101 672 2166 d
695 2124 714 2166 e
737 2102 753 2167 f
774 2104 931 2188 signatis,
965 2105 1087 2191 quibus
1113 2106 1228 2169 insunt
1249 2103 1327 2167 libri
1347 2101 1420 2164 1111
1439 2100 1470 2164 V

174 2201 211 2264 Vl
230 2222 335 2288 usque
367 2199 410 2265 ad
442 2199 601 2265 ‘eiusdem
621 2203 884 2288 significationis’
913 2204 971 2270 lib.
993 2205 1043 2270 VI
1060 2209 1081 2288 9
1101 2208 1158 2288 13,
1185 2205 1250 2269 nisi
1271 2204 1359 2290 quod
1378 2211 1468 2290 quat.

173 2325 190 2366 e
214 2301 269 2366 iol.
289 2307 309 2365 4
332 2303 388 2368 ab
414 2303 534 2367 amisso
561 2305 659 2390 periit
679 2325 756 2390 pars
782 2305 859 2372 libri
881 2307 954 2371 IIII
983 2311 1024 2394 (ᾖ
1047 2309 1177 2388 {ib—9
1194 2307 1262 2386 bb).
1320 2305 1471 2369 ultimum

174 2414 258 2490 quat.
282 2403 297 2467 f
318 2403 434 2470 folium
456 2403 527 2488 (iol.
542 2403 613 2470 cod.
627 2406 681 2494 30)
701 2407 837 2494 praebet
858 2409 980 2494 ‘glosas
1002 2409 1138 2472 minoris
1153 2407 1341 2490 Prisciani,
1364 2405 1469 2471 libelli

174 2528 216 2570 sc.
229 2505 270 2570 de
291 2507 460 2572 nominum
483 2504 710 2591 declinatione,
734 2511 842 2597 quiet
863 2511 935 2597 ipse
956 2512 1004 2576 sie
1023 2512 1211 2574 nominatus
1226 2517 1285 2573 est.
1309 2508 1343 2572 in
1358 2509 1473 2594 quinto

173 2661 310 2747 denique
329 2659 543 2748 quaternione
566 2659 667 2744 (sign.
689 2608 735 2724 Vl
751 2700 794 2732 u·
818 2700 830 2710 -
853 2661 972 2726 liturae
993 2665 1028 2727 ni
1050 2661 1075 2726 f.
1096 2663 1182 2726 inest
1200 2683 1289 2725 num.
1305 2657 1358 2722 III
1379 2698 1391 2707 -
1415 2658 1469 2722 iol.

173 2763 207 2824 31
230 2801 273 2809 -
291 2763 352 2849 38)
384 2760 439 2826 lib.
474 2759 521 2824 VI
557 2761 632 2825 finis
666 2761 743 2826 iude
774 2785 793 2826 a
819 2785 889 2828 voc.
924 2763 1104 2849 ‘gaudium'
1127 2767 1147 2845 ξ
1167 2766 1207 2826 77
1230 2771 1263 2826 et
1283 2761 1414 2825 initium
1434 2759 1471 2822 li-

171 2863 220 2928 bri
249 2862 280 2925 V
282 2861 317 2926 Il
342 2884 447 2949 usque
471 2863 513 2926 ad
540 2861 639 2928 ‘idern
663 2863 862 2929 insecundo
885 2869 1005 2950 georg’
1034 2866 1116 2947 §27
1145 2864 1251 2930 literis
1275 2863 1471 2947 consignata

173 2975 254 3032 sunt.

253 3067 300 3132 Hi
319 3075 387 3132 tres
409 3065 538 3130 codices
562 3069 651 3130 Arm
675 3066 718 3132 ad
739 3067 927 3133 ulteriorem
949 3077 1060 3135 textus
1083 3068 1254 3134 historiam
1280 3085 1470 3152 repraesen-

171 3171 302 3236 tandam
332 3166 534 3232 videbantur
555 3168 652 3254 plane
675 3168 837 3234 sufficere.
892 3169 1032 3258 apposui
1053 3169 1156 3254 igitur
1176 3191 1235 3257 per
1256 3167 1359 3231 libros
1384 3163 1467 3228 XVI

171 3276 294 3362 priores
316 3271 448 3358 plenam
469 3267 563 3340 codd.
588 3276 621 3334 ct
642 3275 764 3336 RBBH
782 3282 814 3337 et
837 3277 920 3336 GLK
937 3280 986 3356 et,
1014 3271 1212 3359 ubicumque
1233 3269 1387 3350 aderant,
1418 3272 1471 3330 ΡΑ

171 3376 296 3442 variam
317 3373 500 3438 lectionem.
546 3380 581 3437 at
599 3394 641 3437 ex
659 3373 740 3461 ipsis
762 3373 813 3438 his
836 3371 931 3438 codd.
955 3374 1054 3438 etiam
1073 3372 1172 3459 paulo
1193 3371 1281 3436 ultra
1303 3367 1470 3454 magistel-

171 3477 276 3543 lorum
297 3495 428 3562 operam
449 3475 484 3538 in
505 3473 675 3540 Prisciano
701 3475 772 3541 sive
793 3473 997 3540 emendando
1024 3477 1096 3540 sive
1120 3471 1350 3561 interpolando
1372 3469 1468 3534 collo-

171 3587 277 3643 catam
290 3574 410 3640 licebat
417 3576 579 3663 persequi.
615 3598 691 3641 nam
705 3565 813 3641 nullus
827 3575 895 3662 ¹fere
908 3575 993 3641 liber
1005 3576 1181 3660 iuvenitur,
1199 3577 1279 3663 quin
1292 3597 1312 3639 a
1325 3571 1468 3660 complu—

170 3678 259 3742 ribus
280 3677 494 3764 scriptoribus
517 3685 630 3763 postea
652 3683 834 3761 correctus,
865 3679 1075 3758 immutatus,
1106 3675 1341 3765 interpolatus,
1365 3674 1469 3740 variis

170 3778 364 3844 lectionibus
386 3777 524 3842 adiectis
547 3777 763 3865 amplificatus
785 3779 837 3843 sit.
883 3801 995 3845 eorum
1016 3779 1118 3865 igitur
1146 3799 1245 3862 opera
1271 3787 1309 3842 ut
1336 3787 1368 3842 et
1396 3778 1470 3863 ipsa

171 3880 416 3967 dignosceretur
428 3879 474 3942 ita
481 3879 583 3963 effeci,
591 3889 627 3944 ut
638 3879 750 3946 literae
760 3881 903 3944 minores
912 3879 1052 3966 singulis
1066 3877 1160 3944 codd.
1171 3881 1257 3944 notis
1271 3876 1470 3966 responden-

171 3991 216 4046 tes
230 4006 257 4066 r,
273 3983 314 4048 de
329 4003 395 4069 qua
410 3980 627 4064 antedictum,
651 3981 794 4064 bdltpllcu,
816 3981 935 4070 quibus
945 4002 1079 4068 perraro
1100 3979 1228 4043 accedit
1242 4001 1275 4063 p,
1294 3976 1354 4041 has
1374 3997 1468 4040 curas

172 4081 405 4168 significarent.
435 4091 503 4148 etr
523 4083 655 4169 quidem
677 4083 719 4150 ab
735 4081 1000 4149 emendatoribus
1023 4081 1259 4147 recentioribus
1282 4079 1326 4166 (R
1340 4099 1378 4143 m.
1392 4074 1469 4161 rec.)

172 4271 366 4340 Henzbergius‚
393 4287 469 4338 quam
488 4273 593 4325 decebat
611 4273 772 4342 philologum
790 4275 821 4325 ob
840 4274 947 4324 eundem
966 4273 1156 4340 neglegentiam
1173 4270 1305 4322 lirehllum
1322 4268 1470 4334 theologum

172 4359 322 4426 adroganter
340 4367 366 4409 et
383 4359 475 4410 acerbe
496 4360 682 4424 vituperantem
779 4359 814 4412 83
839 4361 989 4427 ‘evaugelio
1006 4375 1064 4410 eum
1079 4359 1230 4410 lectionibus
1247 4375 1296 4426 per
1313 4353 1466 4410 uouifflireu-

171 4443 220 4496 lom
242 4447 388 4497 ordiuntu’.
424 4459 490 4508 ques
510 4445 570 4496 iude
591 4460 669 4512 supra
689 4445 769 4497 relatu
792 4455 865 4511 sunt,
893 4463 924 4498 eu
944 4446 1130 4498 humanissime
1150 4461 1249 4498 meeum
1273 4447 1470 4498 communicavit

171 4532 318 4586 Theodorus
337 4530 487 4586 Schmidius
556 4534 591 4584 84
611 4547 635 4582 v.
655 4531 848 4600 Hertzbergium
867 4531 885 4585 1.
900 4549 922 4584 c.
939 4550 965 4600 p.
983 4531 1035 4586 233
1052 4549 1107 4597 sq.;
1130 4533 1287 4596 addendum,
1304 4533 1467 4598 quodetiam

171 4619 195 4668 in
214 4619 260 4674 iol.
282 4621 315 4670 lr
340 4635 356 4668 a
375 4633 411 4672 m.
430 4633 482 4670 rec.
509 4619 680 4684 perscriptum
698 4627 736 4670 est
755 4635 796 4686 ep.
817 4619 850 4670 ad
870 4618 994 4668 lulianum
1012 4620 1088 4670 datae
1105 4620 1220 4679 initium
1246 4635 1281 4673 m.
1300 4636 1339 4686 pr.
1368 4619 1413 4668 iol.
1431 4619 1469 4667 lv

169 4704 255 4770 incipit
279 4720 296 4756 a
323 4704 422 4756 verbis:
451 4703 689 4770 ‘(vitu)peraudum
709 4719 751 4754 me
771 4709 842 4756 esse’
963 4704 999 4757 85
1025 4706 1172 4757 Libenter
1196 4706 1331 4770 catalogue
1355 4704 1469 4767 descrip-

168 4789 198 4840 til
213 4799 239 4840 et
255 4793 380 4842 ruisouud
397 4789 444 4840 dee
461 4803 523 4840 mas.
541 4789 573 4840 de
592 4789 617 4840 la
632 4789 807 4854 bibliotheque
831 4791 990 4842 communale
1011 4791 1044 4842 de
1067 4793 1092 4842 iu
1115 4793 1176 4843 ville
1196 4792 1342 4853 d'Amiens‚
1364 4790 1471 4838 Amicus

168 4872 231 4926 1313
249 4875 351 4940 ρ.,347
371 4889 412 4937 ιιι.

1215 4959 1262 5019 b*
