3600 5584
396 360 467 456 ιιι,
891 367 1076 429 uersuram
1100 367 1194 430 rasa.

448 493 469 534 ρ.
484 478 533 520 aro.
545 479 570 520 ιι
585 477 611 520 r.
1464 497 1488 539 p.
1503 485 1550 526 aar.
1564 483 1589 526 as
1601 485 1625 526 ιι.

318 555 327 576 ‘
395 559 520 630 possunt
545 558 575 611 et
595 551 709 611 numeri
737 551 801 612 sine
825 555 961 633 personis
988 565 1017 616 et
1043 575 1187 637 personae
1215 557 1278 618 sine
1305 557 1435 617 numeris
1458 556 1592 628 inveniri:
1624 575 1668 618 nu·
1730 547 1732 552 ¹

394 654 483 728 meri,
515 661 548 714 ut
571 653 761 732 ‘quinquies
789 655 922 732 ‘decissa
955 677 1114 738 personae,
1139 666 1173 720 ut
1187 660 1340 732 ‘meatim',
1368 660 1514 732 ‘matim’;
1552 659 1667 736 quamvis

395 757 473 818 en'un
496 776 512 817 a
535 755 672 833 singulari
692 746 865 837 pronomine
891 761 1074 836 derivantur,
1106 761 1305 823 indifferenter
1333 770 1429 824 tamen
1457 771 1517 823 tarn
1545 759 1665 839 singulari

394 857 603 938 quamplurali
622 877 745 921 numero
767 861 922 924 verborum
945 865 1177 942 coniunguntur,
1206 871 1239 924 ut
1265 865 1400 926 ‘meabnr
1423 864 1513 925 diuis’
1534 872 1562 922 et
1582 864 1664 922 ‘mea-

393 958 446 1019 tim
463 959 581 1021 dicitis’.
626 961 678 1022 sed
706 962 736 1023 in
758 961 896 1027 adverbio
923 966 1036 1046 speeies
1060 965 1201 1044 quaedam
1231 965 1375 1027 invenitur
1401 965 1474 1026 haee
1500 964 1607 1026 babens
1630 963 1683 1024 ‹li-a

392 1061 470 1137 risa,
497 1063 526 1122 in
547 1064 636 1124 verbo
657 1083 726 1126 vero
747 1074 777 1126 et
794 1067 913 1128 nomine
935 1073 964 1126 et
985 1068 1157 1147 pronomine
1184 1075 1211 1128 et
1234 1067 1386 1148 participio
1408 1087 1513 1128 omnes
1534 1085 1614 1126 voees
1630 1066 1663 1125 rol

393 1164 556 1243 singulares
580 1167 689 1228 babent
709 1188 848 1231 numeros
865 1170 911 1230 rel
934 1170 1062 1249 plurales
1082 1179 1111 1232 et
1132 1187 1274 1251 personas
1296 1169 1381 1232 simul
1403 1189 1470 1230 eum
1494 1187 1611 1230 numero
1630 1167 1662 1226 rel

393 1268 491 1329 llnitas
511 1268 555 1328 rel
575 1267 711 1332 inlluitas.
756 1291 862 1333 nomen
886 1279 982 1333 tamen
1005 1281 1035 1333 et
1055 1273 1238 1354 participium
1257 1273 1287 1334 in
1310 1273 1388 1333 omni
1409 1291 1480 1332 easu
1500 1271 1597 1332 tertiam
1610 1279 1665 1330 sunt

394 1389 537 1450 personae
560 1371 671 1452 absque
690 1375 835 1449 vocativo,
856 1376 904 1454 qui
928 1376 1009 1438 solus
1030 1376 1066 1437 ad
1090 1376 1248 1438 secundam
1269 1375 1415 1455 prolerbrr
1430 1391 1594 1455 personam.

332 1573 377 1678 's
705 1641 719 1674 ·
906 1563 954 1624 uu
977 1563 1172 1626 euasurus.
1302 1577 1308 1586 ·
1675 1578 1692 1617 a

329 1681 374 1732 10¹
478 1683 552 1743 Sunt
573 1681 661 1760 igitur
681 1682 1001 1762 personne.verborum
1023 1691 1092 1744 tres.
1136 1683 1229 1764 prima
1249 1691 1309 1757 est,
1340 1681 1473 1761 quaeda
1501 1700 1534 1740 se
1554 1679 1664 1757 loquitur

392 1782 437 1842 vel
457 1782 519 1843 sola
541 1782 585 1842 vel
607 1801 673 1844 eum
691 1783 771 1860 aliis,
799 1793 831 1846 ut
849 1785 926 1847 ‘dieo
955 1785 1102 1859 disimus',
1133 1785 1276 1860 secunda,
1306 1785 1341 1846 ad
1364 1803 1451 1864 (ιιιιιιιι
1474 1782 1610 1861 loquitur,
1634 1781 1662 1840 de

392 1885 455 1964 ipsa
475 1885 521 1946 rel
547 1885 609 1946 sola
631 1887 676 1947 vel
698 1906 764 1948 orm
785 1888 864 1963 aliis,
896 1896 928 1968 pt
951 1887 1042 1950 ‘dieis
1072 1886 1195 1962 dieitis',
1228 1879 1327 1962 tertia,
1358 1887 1395 1948 de
1417 1883 1570 1965 qua'ertra
1595 1903 1622 1943 se
1640 1891 1663 1942 et

360 1986 488 2078 l-illam,
511 1986 547 2047 ad
569 2005 655 2066 qrram
677 1989 774 2069 dirigit
793 1987 990 2073 sennullnem,
1014 1989 1108 2071 posita
1129 1989 1257 2067 loquitur
1271 1991 1381 2070 prima,
1402 1997 1435 2049 ut
1455 1987 1538 2047 ‘dicit
1557 1985 1660 2046 uenae.

393 2096 422 2148 et
444 2089 536 2169 prima
559 2089 675 2167 quidem
704 2101 733 2152 et
758 2093 886 2154 secunda
913 2091 1064 2154 verborum
1093 2111 1236 2172 personae
1265 2092 1363 2152 linitae
1393 2099 1476 2164 sunt,
1510 2099 1687 2170 praesentesu

393 2192 470 2252 enirn
492 2192 743 2267 demonstrantur,
766 2197 850 2256 tertia
873 2214 940 2256 vero
967 2195 1077 2256 inlluita
1102 2201 1148 2255 est
1173 2194 1270 2272 itaque
1289 2202 1355 2272 eget
1379 2193 1551 2274 plerumque
1570 2211 1660 2271 prono

391 2295 486 2368 mine,
509 2303 540 2354 ut
559 2294 720 2358 definiatur.
765 2307 795 2358 et
819 2298 912 2378 prima
941 2297 1057 2377 quidem
1081 2304 1111 2356 et
1137 2295 1264 2357 seouuda
1287 2315 1412 2376 persona
1438 2295 1587 2356 rerbomm
1605 2313 1659 2374 pro

392 2395 558 2458 nominibus
580 2397 659 2476 itrtrgi
677 2408 802 2478 [rossrrnt
822 2399 908 2472 solis,
940 2399 1025 2460 tertia
1053 2419 1121 2460 vero
1149 2399 1235 2460 etiam
1263 2397 1446 2472 nominibuS,
1481 2415 1553 2476 quae
1571 2417 1618 2477 per
1634 2417 1658 2456 se

391 2499 493 2559 tertiae
513 2508 581 2559 sunt
594 2513 758 2579 personae,
788 2501 898 2580 absque
920 2494 1049 2569 voeatffl
1071 2520 1156 2576 casu,
1182 2501 1260 2579 quod
1283 2509 1350 2561 ante
1372 2499 1513 2576 diximus,
1545 2509 1576 2561 ut
1592 2499 1658 2576 ‘lego
1743 2543 1744 2562 ι

391 2604 469 2678 agr,
488 2599 650 2678 eleasar,
669 2601 757 2681 ‘rega
778 2602 843 2664 aar
865 2601 911 2664 vu
933 2603 1015 2682 ‘rega
1037 2604 1161 2664 uicere.
1206 2623 1273 2665 nam
1295 2603 1320 2665 a
1343 2603 1436 2664 arum
1459 2603 1536 2681 nego
1552 2603 1685 2670 usum
1743 2587 1744 2676 ξ

393 2702 584 2763 soloecismus
611 2711 672 2778 est,
698 2691 753 2766 nisi
782 2704 920 2767 addidero
949 2719 1125 2786 pronomen,
1158 2706 1258 2768 dicens
1287 2706 1369 2786 ‘lego
1405 2725 1459 2785 ego
1485 2706 1599 2767 Gieero'
1623 2703 1656 2762 rel

394 2805 479 2882 ‘legis
502 2811 532 2864 tu
551 2805 675 2881 Cicero’,
701 2806 831 2886 exeeptis
853 2808 910 2870 illis
931 2807 1042 2883 verbis,
1069 2783 1143 2886 quale
1172 2817 1241 2871 suat
1268 2809 1448 2871 substantiae
1474 2807 1519 2870 vel
1546 2805 1655 2873 vocandi.

394 2915 427 2968 ut
449 2906 625 2968 ‘Priscianus
645 2927 726 2986 sum,
747 2909 914 2974 Priscianus
936 2930 1039 2985 rosor,
1062 2911 1227 2974 Priscianus
1248 2913 1397 2984 nominor,
1421 2909 1584 2972 Priscianus
1596 2926 1655 2968 nun-

394 3013 507 3092 eupor’.
551 3018 581 3070 et
604 3011 696 3090 prima
720 3012 838 3090 quidem
864 3021 962 3094 potest
989 3015 1044 3076 sibi
1071 3024 1100 3077 et
1125 3015 1283 3077 secundam
1305 3023 1334 3075 et
1354 3013 1470 3076 tertiam
1490 3012 1654 3088 coniungere.

393 3122 426 3175 ut
447 3116 514 3192 ‘ego
537 3123 567 3174 et
582 3123 614 3175 tu
635 3113 774 3187 facimus,
801 3133 855 3193 ego
878 3125 909 3176 et
925 3116 973 3177 ille
992 3119 1136 3192 laeimus’,
1165 3117 1292 3180 secunda
1318 3135 1386 3177 vero
1409 3135 1468 3176 non
1491 3121 1582 3195 potest
1600 3129 1683 3173 eona
1741 3157 1743 3172 .

393 3217 512 3295 iungere
535 3215 589 3276 sibi
610 3215 666 3278 nisi
685 3217 816 3291 tertiam,
840 3225 871 3279 ut
894 3220 939 3279 ‘tu
958 3225 987 3278 et
1007 3219 1053 3280 ille
1074 3219 1191 3293 larilis’,
1214 3219 1298 3280 tertia
1320 3237 1388 3280 raro
1410 3236 1466 3278 nee
1484 3217 1597 3298 primam
1613 3229 1655 3272 uer

393 3319 568 3392 seminudam,
592 3316 644 3380 sed
666 3315 787 3378 alteram
805 3319 933 3394 tertiam,
960 3329 992 3381 ut
1012 3321 1085 3384 ‘iste
1105 3329 1133 3382 et
1154 3320 1202 3382 ille
1221 3321 1351 3382 lneiunt’.
1395 3328 1425 3382 et
1447 3315 1654 3400 primoquidem
1742 3373 1743 3388 ,

393 3429 490 3502 potest
511 3422 598 3483 etiam
619 3421 747 3482 secunda
768 3428 797 3481 et
817 3422 900 3483 tertia
924 3421 1093 3485 absentibus
1115 3442 1169 3504 per
1185 3443 1216 3484 se
1239 3422 1334 3502 loqui,
1356 3430 1389 3484 ut
1408 3421 1575 3502 saepissime
1594 3415 1654 3497 apud
1742 3449 1743 3502 ζ

392 3523 521 3585 comicos
541 3523 671 3585 videmus
689 3523 787 3584 induei
807 3543 964 3604 personas,
989 3542 1064 3602 quae
1086 3524 1167 3604 ipsae
1189 3525 1225 3584 ad
1246 3545 1278 3586 se
1299 3523 1470 3603 loquantur,
1494 3531 1525 3583 ut
1544 3521 1613 3582 Simo
1631 3517 1652 3576 in

391 3627 543 3687 ludria:
1662 3635 1680 3674 ³⁸

556 3727 629 3787 Nou
651 3725 800 3787 dubium
823 3737 894 3802 est,
920 3729 1004 3808 quin
1028 3747 1176 3790 uxorem
1199 3728 1296 3789 nolit
1318 3727 1435 3791 lilius.

392 3829 519 3890 secundia
541 3849 609 3890 vero
631 3830 675 3890 vel
696 3832 779 3892 tertia
802 3831 865 3890 sine
886 3831 979 3909 [imma
1001 3851 1060 3892 non
1083 3839 1180 3912 potest
1201 3849 1282 3905 esse;
1304 3838 1401 3912 potest
1421 3839 1518 3892 tamen
1536 3828 1616 3908 prima
1633 3831 1654 3884 et

463 4021 521 4071 lia
537 4035 603 4070 aare.
623 3991 720 4071 numeri
739 4021 795 4070 sine
811 4021 905 4070 denaia
921 4023 1012 4070 lamna
1027 4021 1124 4072 eod.H
1198 4033 1322 4088 perronae
1337 4019 1409 4069 sinae
1427 4019 1456 4068 H
1528 4019 1654 4070 bdidnen-

392 4099 433 4139 tur
451 4090 491 4140 Br
508 4090 684 4140 deriueuturb
762 4090 933 4140 indoleremer
952 4091 974 4142 G
992 4092 1167 4142 iudellerenter
1184 4091 1210 4142 Ii
1286 4101 1370 4142 tamen
1388 4105 1434 4140 ora.
1453 4089 1576 4141 BDGLK
1589 4101 1653 4150 apur-

393 4161 423 4209 H
488 4159 551 4226 tam]
569 4160 659 4210 tumG
727 4163 786 4211 det
802 4177 847 4212 one
866 4161 899 4210 II
967 4162 1126 4226 bquaedarn
1145 4165 1244 4228 speeies
1262 4161 1287 4211 B
1361 4161 1495 4212 deuisaL
1566 4159 1654 4210 fluores

393 4271 444 4314 tam
463 4265 606 4334 singulares
618 4253 691 4316 th
769 4265 988 4332 rpeuonusimut
1006 4267 1032 4316 B
1112 4266 1338 4317 besecundamll
1407 4265 1440 4315 10
1458 4279 1550 4316 racrnrr
1567 4275 1654 4312 orrar-

393 4399 471 4438 sorus.
488 4387 514 4436 1>
530 4387 825 4438 unaliaeaoaeuainll
891 4388 921 4439 ll
942 4403 1006 4450 quae
1025 4347 1148 4454 dewipsa
1164 4387 1273 4450 loquitur
1291 4385 1316 4435 11
1391 4384 1520 4450 l3rxtrn]
1538 4401 1552 4433 r
1568 4379 1653 4432 iutrall

463 4456 496 4506 14
511 4457 644 4524 derigitG
712 4457 807 4509 utdiei
825 4457 954 4508 dieuntB
1025 4459 1057 4510 lb
1075 4459 1176 4522 quidum
1194 4457 1283 4510 emb
1353 4457 1500 4522 personui)
1568 4453 1655 4514 ltlport

393 4525 467 4575 tertia
484 4541 545 4576 uero
563 4543 619 4594 app.
638 4556 670 4564 -
688 4529 762 4578 tertie
778 4541 839 4577 uero
854 4544 902 4578 om.
921 4528 945 4578 ll
963 4529 1055 4580 adds
1143 4526 1174 4578 18
1192 4524 1243 4580 elisi
1261 4528 1275 4578 b
1294 4533 1359 4580 alm
1374 4527 1400 4577 B
1486 4540 1532 4592 per
1548 4537 1601 4597 ser

394 4643 427 4695 re
445 4661 569 4712 personae
584 4659 642 4698 suat
657 4649 705 4698 GL
774 4605 856 4712 allque
872 4649 914 4698 Ilr
988 4649 1022 4700 20
1040 4643 1133 4712 dicam]
1153 4647 1171 4696 el
1189 4647 1289 4698 dicul)
1362 4647 1394 4698 21
1414 4645 1600 4697 solecismusb

391 4715 545 4770 uderida
613 4719 647 4770 23
665 4719 824 4783 perannat.
842 4721 860 4772 1.
879 4727 969 4784 prater
988 4718 1063 4768 eall
1137 4719 1170 4770 25
1186 4734 1247 4769 uero
1263 4718 1355 4768 add-r
1429 4713 1601 4782 adiungerel.

392 4819 427 4870 211
444 4796 490 4870 uee
508 4823 615 4886 primam
634 4821 673 4871 Ην
754 4823 787 4874 27
805 4822 911 4887 pnmnnp
932 4822 1033 4885 quidem
1054 4822 1092 4871 llr
1169 4821 1203 4874 311
1224 4821 1282 4871 Ter.
1300 4821 1382 4874 Andr.
1404 4821 1493 4881 1··2,1
1571 4815 1597 4866 31
1619 4811 1654 4860 du·

392 4889 559 4940 brunnum.
632 4893 664 4942 32
682 4893 810 4956 saecunda
824 4891 850 4940 K
919 4907 975 4942 esse
993 4906 1041 4941 uon
1061 4899 1143 4957 potest
1158 4891 1204 4941 GL
