3600 5584
306 389 390 432 xxvru
846 367 1056 431 PRAEFATIO

306 564 349 619 ut
375 557 568 642 optimarum
597 576 639 617 ex
661 551 728 616 illis
751 551 1012 618 membranarum
1033 557 1143 621 varias
1169 556 1327 622 lectiones
1359 579 1434 623 cum
1460 555 1602 623 lectione

306 657 497 721 Priscianea
512 654 688 740 diligenter
700 677 928 742 componerem
943 657 988 720 ¹⁰⁵.
1027 658 1114 742 quod
1133 660 1183 723 uti
1205 660 1241 724 iu
1254 660 1463 746 gravissimis
1485 658 1602 726 saltem

304 756 492 822 auctoribus
513 755 609 842 plene
631 756 761 820 efficere
780 779 928 842 possem,
959 759 1109 845 inprimis
1130 760 1211 824 mibi
1232 761 1344 827 datum
1361 768 1412 827 est
1440 761 1602 826 beneficio

303 857 515 922 Friderici
540 857 764 922 Ritsohelii
785 866 818 921 et
840 881 990 924 suorum:
1034 861 1256 927 Alfredum
1276 863 1599 930 Fleckeisenum

304 960 393 1043 dico,
423 959 643 1024 Henricnm
666 956 865 1043 Keilium,
902 961 1094 1027 Ottonem
1117 963 1406 1050 Ribbeokium,
1432 965 1603 1031 Guilel-

302 1083 403 1126 mum
425 1060 715 1126 Steinhartum.
772 1082 910 1146 quorum
931 1063 1002 1150 ipse
1024 1065 1222 1130 Ritschelius
1244 1065 1602 1153 praestantissimorum

302 1163 449 1229 Terentii
471 1161 645 1245 librorum,
677 1161 831 1228 Bembini
849 1165 884 1200 ¹⁰⁶
906 1174 939 1230 et
959 1164 1158 1248 Basilicam,
1191 1167 1418 1257 Calliopianae
1438 1173 1600 1235 recensio

300 1267 352 1331 nis
369 1266 463 1331 ducis
485 1263 629 1346 alterius,
652 1265 763 1329 varias
786 1265 944 1333 lectiones
967 1268 1190 1356 excerpendae
1210 1269 1292 1335 mihi
1304 1273 1497 1354 transmisit,
1519 1271 1601 1336 Kei-

301 1369 365 1432 lius
388 1375 567 1432 ceterorum
588 1367 874 1452 grammaticorum
897 1368 1069 1451 lectiones,
1091 1370 1210 1456 quibus
1231 1381 1264 1436 et
1278 1372 1320 1437 ob
1342 1372 1479 1437 eandem
1500 1375 1600 1437 ratio·

302 1491 376 1535 nem
398 1477 430 1532 et
450 1467 492 1532 ob
514 1464 595 1532 alias
613 1489 713 1555 saepe
735 1468 936 1553 indigebam,
959 1472 1149 1543 exsoriniis
1164 1474 1234 1537 suis
1252 1482 1371 1559 rogatu
1384 1497 1457 1540 meo
1470 1497 1598 1563 promp-

301 1571 354 1654 sit,
377 1568 593 1652 Ribbeckius,
607 1573 938 1659 praeterquamquod
951 1575 1147 1637 comicorum
1163 1596 1294 1639 suorum
1305 1575 1457 1663 plagulas
1473 1599 1494 1641 a
1504 1577 1596 1664 prelo

301 1671 585 1738 madidasmecum
599 1673 862 1757 communicavit,
875 1673 1046 1739 lectissimi
1056 1685 1233 1762 apparatus
1248 1679 1300 1742 sui
1308 1676 1491 1764 Vergiliani
1502 1700 1599 1742 usum

299 1775 380 1840 mihi
403 1773 582 1856 concessit,
603 1781 639 1837 ut
653 1783 841 1838 accuratam
856 1777 1052 1863 optimorum
1074 1778 1223 1842 codicum
1247 1779 1390 1843 Palatini
1412 1790 1445 1845 et
1457 1781 1598 1846 Romani

200 1869 202 1876 ’
299 1877 605 1963 acfragmentorum
629 1874 862 1940 Vaticanorum
887 1877 982 1964 (Fr.)
1007 1888 1040 1943 et
1060 1879 1299 1945 Veronensium
1318 1882 1423 1970 (Ver.)
1443 1883 1597 1947 notitiam

299 1978 341 2044 ad
372 1977 613 2064 Fogginianam
651 1978 792 2042 Medicei
824 1982 1015 2046 memoriam
1043 1981 1175 2046 adicere
1211 1981 1341 2068 liceret,
1387 1983 1595 2049 Steinhartus

299 2078 395 2144 codd.
414 2080 542 2144 Lucani
561 2079 797 2146 Vossianorum
809 2083 876 2168 ‚AB
888 2083 922 2118 ¹⁰⁷
944 2085 1137 2149 varietatem
1169 2083 1320 2150 lectionis
1342 2085 1596 2172 diligentissime
1640 2119 1648 2122 -

299 2204 319 2247 a
341 2203 377 2246 se
401 2182 602 2270 exscriptam
623 2182 704 2246 mihi
725 2183 960 2268 commodavit,
985 2183 1220 2250 Fleckeisenus
1242 2186 1393 2273 denique,
1414 2186 1532 2252 ubiubi
1544 2209 1598 2252 co-

299 2285 373 2373 piae
393 2283 802 2352 Ritsehelianae'nondum
827 2285 976 2351 reclusae
997 2293 1105 2369 erant,
1138 2286 1247 2351 Plauti
1269 2287 1492 2352 Palatinorum
1513 2289 1597 2352 noti·
1624 2349 1630 2364 ,

297 2386 377 2450 tiam
398 2384 587 2472 pleniorem,
610 2407 709 2474 quam
731 2395 814 2473 quae
834 2409 854 2450 a
872 2387 976 2452 Pareo
999 2387 1075 2451 olim
1100 2387 1224 2473 publici
1246 2389 1327 2453 iuris
1352 2389 1442 2452 facta
1462 2399 1530 2472 est,
1552 2411 1596 2453 ex

299 2486 580 2572 Schwarzrpanni,
602 2509 700 2575 quam
721 2488 881 2575 possidet,
900 2487 1072 2554 collatione
1094 2488 1269 2575 supplevit.
1314 2501 1349 2554 at
1368 2489 1471 2555 mtalto
1489 2492 1596 2576 magis

297 2588 423 2652 amicus
446 2589 677 2674 integerrimus
700 2611 737 2654 eo
758 2589 798 2653 de
821 2611 921 2677 opera
942 2610 1015 2654 mea
1034 2590 1172 2654 meritus
1194 2598 1259 2675 est,
1281 2590 1369 2679 quod
1391 2600 1439 2672 et,
1460 2599 1497 2654 ut
1518 2598 1596 2655 ante

298 2689 357 2754 hos
380 2689 462 2754 duos
484 2711 588 2754 annos
610 2691 645 2753 in
665 2689 789 2772 Gellio,
826 2692 874 2756 ita
904 2693 1117 2755 nuncetiam
1145 2691 1181 2754 in
1201 2690 1373 2757 Prisciano
1395 2692 1596 2757 recensendo

296 2789 514 2879 prudentibus
537 2789 684 2855 consiliis
704 2799 736 2854 et
757 2791 937 2878 praeclaris
960 2790 1245 2856 emendationibus
1266 2792 1303 2856 in
1323 2794 1446 2857 veteris
1464 2794 1595 2879 potissi·
1656 2817 1661 2826 ·

295 2913 383 2955 mum
405 2892 515 2978 poesis
538 2891 705 2955 Romanae
736 2893 885 2980 reliquiis
913 2891 1139 2975 emaqulandis
1160 2893 1241 2956 mihi
1266 2893 1375 2958 adfuit
1396 2903 1429 2958 et
1449 2893 1595 2980 plagula-

295 3015 368 3060 rum
397 3015 417 3056 a
435 2991 642 3080 typothetae,
676 2991 894 3058 sollertissimi
920 3005 1065 3060 ceterum
1086 2993 1245 3071 hominis,
1278 2994 1406 3058 mendis
1429 2995 1593 3081 corrigen-

295 3095 410 3160 darum
438 3093 584 3160 laborem
610 3093 878 3160 molestissimum
903 3095 1070 3162 indefesso
1097 3095 1206 3161 studio
1235 3103 1270 3159 et
1298 3095 1516 3161 subtilissima
1544 3096 1594 3160 di·

294 3195 432 3280 ligentia
453 3217 580 3261 mecum
602 3197 867 3264 communicavit.

380 3298 484 3362 Grata
510 3297 608 3362 etiam
633 3297 790 3362 memoria
816 3319 890 3362 oum
911 3298 1125 3384 Augustus
1148 3297 1363 3362 Nauekius
1390 3306 1424 3362 et
1445 3298 1595 3364 Gusta-

294 3419 371 3464 vus
391 3397 593 3464 Wolffius
620 3407 689 3463 tum
711 3398 940 3464 Mauricius
959 3399 1168 3485 Hauptius
1203 3407 1237 3483 et
1257 3398 1471 3485 Augustus
1492 3401 1593 3466 Mei.

293 3499 442 3564 nekius
470 3499 690 3586 prosequendi
718 3509 812 3581 sunt,
846 3501 902 3587 qui
936 3501 1227 3588 quotienscumque
1244 3523 1316 3586 per
1342 3510 1446 3566 totum
1468 3503 1592 3569 laboris

292 3599 463 3685 longinqui
486 3598 660 3668 decursum
681 3621 736 3664 eos
759 3600 826 3665 adii
842 3601 895 3666 vel
917 3601 1019 3667 libros
1035 3601 1090 3667 vel
1111 3601 1249 3666 consilia
1271 3602 1452 3687 petiturus,
1473 3605 1588 3669 eadem

291 3721 418 3785 semper
439 3701 509 3764 sive
530 3702 696 3766 amicitiae
718 3700 788 3766 sive
809 3700 1053 3767 benivolentiae
1073 3703 1259 3768 constantia
1282 3705 1368 3770 votis
1393 3704 1475 3770 meis
1495 3705 1592 3770 satis·

290 3803 449 3866 fecerunt.

375 3901 500 3968 Studiis
520 3909 629 3968 autem
651 3905 734 3970 meis
756 3905 791 3968 in
813 3903 983 3968 Prisciano
1003 3906 1121 3992 positis
1143 3905 1178 3970 id
1193 3905 1324 3971 efficere
1346 3915 1484 3971 conatus
1506 3929 1589 3992 sum,

288 4013 340 4088 ut,
370 4012 532 4090 quatenus
558 4002 687 4088 liceret,
725 4005 807 4071 illud
833 4005 1076 4072 institutionum
1105 4008 1393 4093 grammaticarum
1421 4007 1592 4094 exemplar

288 4107 511 4188 restituerem,
547 4107 634 4193 quod
661 4129 703 4171 ex
733 4105 926 4193 idiograpbo
956 4105 1099 4172 doctoris
1130 4110 1182 4173 sui
1202 4109 1352 4196 exemplo
1375 4108 1589 4196 descripsisse

287 4205 419 4271 videtur
453 4204 654 4272 Theodorus.
714 4207 800 4273 illud
827 4217 936 4272 autem
968 4207 1180 4273 festinantius
1211 4234 1309 4299 quam
1334 4211 1494 4278 voluisset
1522 4210 1588 4275 sibi

286 4306 450 4372 edendum
471 4305 590 4389 fuisse,
606 4309 660 4402 ¹ob
684 4332 739 4376 eos
760 4310 828 4398 ‘qui
856 4309 977 4374 alienis
1000 4307 1169 4388 laboribus
1191 4313 1387 4380 insidiantes
1409 4313 1590 4398 furtimque

357 4531 407 4584 105
425 4530 550 4580 Locorum
566 4533 726 4584 aPrtectano
743 4535 848 4600 saepius
866 4542 1137 4595 commemoratorum,
1155 4537 1200 4587 ubi
1216 4536 1441 4603 primum'ainguli
1459 4538 1590 4606 leguntur,

287 4619 374 4669 vanae
393 4617 515 4667 lectiones
534 4617 639 4669 additae
656 4627 727 4680 eunt;
758 4622 801 4671 ubi
820 4620 986 4673 memorabile
1012 4623 1075 4686 quid
1099 4624 1203 4673 allatum
1221 4631 1287 4682 erat,
1315 4621 1371 4672 loco
1389 4623 1482 4674 iterum
1500 4627 1586 4684 citato,

291 4705 400 4755 lectores
418 4704 582 4754 annotatione
598 4720 655 4757 mea
670 4706 731 4757 illuc
750 4706 881 4772 ablegari3
907 4708 1011 4759 darell.
1027 4709 1107 4757 index
1125 4707 1296 4756 consulendus
1379 4709 1429 4762 106
1446 4711 1587 4762 notandum

290 4799 343 4854 est,
370 4805 386 4840 a
408 4787 531 4843 Bembino
554 4794 674 4845 maiorem
700 4793 814 4844 Andriae
832 4802 930 4860 partem
952 4808 1036 4855 usque
1059 4793 1093 4842 ad
1117 4799 1165 4842 act
1181 4794 1237 4842 «1111
1259 4798 1366 4846 secut
1390 4811 1416 4847 v.
1440 4797 1476 4849 48
1499 4797 1590 4848 abesse

363 4876 412 4929 107
427 4875 461 4930 cl.
481 4873 623 4929 Steinherti
641 4878 673 4929 de
693 4879 870 4932 emendatione
888 4879 987 4930 Lucani
1005 4893 1098 4930 comm.
1117 4881 1221 4932 Bonane
1238 4897 1262 4933 a.
1282 4882 1351 4934 1854
1368 4880 1466 4934 editam
