3600 5584
755 363 964 426 PRAEFATIO
1026 443 1036 464 .
1299 370 1307 382 '
1452 385 1509 426 suu

196 571 288 638 quas
305 559 382 639 post
403 551 517 617 alioa¹⁴
535 551 710 617 ediderunt
725 559 758 614 et
772 557 1011 613 enarraverunt
1026 547 1181 612 Osannus
1193 547 1217 584 ‘⁵
1234 554 1266 610 et
1280 545 1462 612 herachius
1474 550 1510 630 ⁸⁸,

195 653 399 742 plenissime
418 663 517 742 atque
539 653 786 717 accuratissime
804 649 943 714 Iahnius
954 653 989 714 ⁸².

292 754 483 820 Studiorum
504 755 539 819 in
559 753 764 818 Priscianuru
786 750 978 816 collatorum
998 759 1032 816 et
1052 751 1275 834 auctoritatis,
1309 773 1376 838 qua
1397 755 1510 818 atatim

197 879 286 922 usua
320 867 387 944 est,
417 865 534 921 testem
560 863 689 943 praeter
716 853 925 920 Theodorum
956 860 989 917 et
1010 850 1247 918 Cassiodorum
1278 857 1414 918 tertium
1434 879 1509 942 pro-

201 958 284 1024 dere
306 959 385 1024 lioet
399 957 627 1045 Eutychum
645 958 717 1024 aive
732 954 999 1042 Eutychium,
1021 955 1078 1040 qui
1098 955 1233 1020 summis
1252 975 1328 1020 eum
1346 956 1509 1023 extollens

201 1059 362 1125 laudibus
385 1059 582 1146 discipulum
603 1061 675 1124 eius
699 1079 734 1122 ee
756 1078 829 1122 esse
846 1054 1018 1142 profitetur
1034 1064 1096 1118 art.
1117 1055 1158 1119 de
1182 1055 1275 1120 verb.
1298 1057 1315 1120 I
1340 1061 1374 1140 1,
1400 1059 1465 1122 8¹⁸.

294 1160 475 1248 Exemplar
505 1170 613 1227 a'utem
641 1182 684 1225 ex
716 1157 880 1224 Theodori
906 1158 1082 1244 archetypo
1107 1156 1308 1244 descriptum
1342 1156 1508 1226 Aldhelmi

204 1263 250 1350 (†
274 1262 357 1349 709)
381 1271 489 1328 551515
508 1264 543 1326 in
564 1261 773 1327 Britanniam
795 1259 970 1326 devenisse
977 1309 986 1341 ,
1007 1257 1248 1344 nonestquod
1268 1259 1508 1326 5115515555ιί-

204 1365 333 1449 gebant
369 1366 456 1429 enim
485 1363 533 1428 ibi
561 1373 631 1428 tum
661 1363 772 1428 studia
799 1361 881 1428 alibi
910 1360 981 1425 iera
1006 1361 1237 1442 intermortua,
1269 1369 1307 1425 ut
1334 1359 1508 1426 bibliothe-

204 1485 266 1529 cae
292 1463 379 1530 haud
398 1485 524 1552 paucae
548 1463 642 1530 libris
672 1465 776 1530 Roma
796 1465 1005 1552 potissimum
1031 1462 1199 1527 arcessitis
1226 1464 1426 1550 compositae
1449 1485 1510 1552 per

202 1566 374 1630 saeculum
395 1569 569 1654 septimum
590 1567 773 1630 existerent
785 1568 820 1632 ”.
863 1567 921 1630 vix
939 1563 1042 1648 igitur
1052 1559 1251 1626 ‘addendum
1269 1572 1320 1628 est
1326 1614 1335 1646 ,
1359 1585 1421 1629 uec
1434 1565 1508 1630 Ba·

203 1667 299 1731 dam
319 1667 360 1754 (†
383 1669 465 1750 735)
488 1669 634 1734 caruisse
657 1667 775 1733 notitia
795 1665 975 1745 Prisciani,
1002 1683 1100 1750 quem
1118 1663 1154 1727 iu
1173 1661 1257 1728 libro
1276 1664 1318 1729 de
1340 1666 1508 1753 orthogra-

204 1767 289 1856 phia
308 1766 361 1833 his
382 1770 575 1834 nominatim
597 1777 781 1834 5515515155
790 1771 825 1852 ⁸⁰,
847 1763 1186 1846 necAicuiuum⁸¹,
1209 1765 1272 1830 sub
1284 1775 1508 1856 tempusmor·

201 1871 247 1934 tis
264 1868 377 1934 Bedae
398 1879 432 1934 et
453 1873 560 1958 ipeum
584 1873 618 1937 in
634 1869 809 1934 Britannia
829 1878 953 1950 natum,
972 1875 1006 1931 et
1026 1865 1179 1931 edoctum
1198 1874 1232 1930 et
1252 1877 1369 1954 postea
1389 1871 1507 1938 docen-

201 1979 273 2034 tem
295 1969 454 2056 Eboraci,
484 1975 578 2038 cuiue
599 1943 799 2038 bibliotheca
822 1969 1002 2036 secundm
1026 1969 1132 2055 ipsius
1152 1969 1411 2036 testimonium⁸²
1432 1997 1507 2039 con·

201 2071 335 2137 tinebat
351 2081 481 2158 praeter
504 2073 584 2138 alia:
1023 2141 1028 2150 ,

373 2171 463 2254 Quid
479 2173 571 2240 Maro
590 2145 767 2260 Pirgiiius,
791 2171 933 2254 Statius,
954 2169 1111 2236 Lucanus
1132 2179 1166 2236 et
1185 2181 1300 2237 auctor

372 2275 465 2340 Artis
487 2277 721 2360 grammaticae
742 2273 795 2338 vel
818 2272 898 2360 quid
920 2273 1081 2360 scripsere
1102 2273 1271 2356 magistri:

352 2372 461 2455 ,Quid
483 2374 611 2440 Probus
633 2383 730 2461 atque
754 2373 896 2456 Phocea,
919 2375 1071 2440 Donatus
1094 2371 1339 2458 Priscianusve,

371 2474 507 2541 Servius
514 2525 523 2560 ,
546 2475 733 2564 Eutychiae
740 2525 749 2558 ,
772 2475 965 2564 Pompeiuq,
989 2475 1262 2541 comminianus..

201 2597 265 2640 nec
295 2575 391 2640 iuvat
415 2577 547 2662 singula
576 2578 728 2644 lectionis
748 2577 961 2643 Priscianeae
986 2599 1046 2665 per
1072 2574 1158 2642 hauc
1184 2585 1218 2641 ct
1244 2599 1304 2664 per
1323 2581 1507 2666 proximam
1594 2623 1600 2635 -

201 2685 349 2742 aetatem
374 2679 517 2764 vestigia
539 2680 664 2766 passim
694 2699 808 2768 sparsa
835 2681 935 2744 auxie
957 2678 1111 2764 colligere
1131 2717 1143 2728 ·
1165 2678 1267 2744 verbo
1290 2681 1393 2765 igitur
1415 2681 1506 2746 suffi-

201 2779 271 2842 ciat
286 2777 451 2844 indicasse
473 2800 493 2843 a
512 2779 678 2866 Dungalo,
703 2781 743 2846 de
764 2803 829 2868 quo
850 2780 938 2844 infra
958 2781 1077 2846 iterum
1092 2778 1267 2844 dicendum
1287 2784 1394 2865 arit⁸⁸,
1414 2792 1447 2847 et
1463 2784 1505 2849 ab

202 2878 385 2964 Agohardo
397 2879 422 2914 ⁸‘
443 2873 591 2966 singulos
614 2883 684 2946 eius
703 2881 792 2947 locos
815 2883 1059 2946 commemorari
1074 2905 1103 2965 ,ς
1125 2881 1161 2945 id
1182 2883 1269 2948 enim
1292 2885 1400 2969 potius
1415 2906 1505 2971 epoc-

201 2991 330 3064 tamus,
362 2988 399 3044 ut
420 2979 631 3066 indagemus,
660 2984 824 3072 quomodo
850 2982 936 3048 haec
958 2983 1069 3048 studia
1090 2985 1246 3050 continuo
1268 2984 1412 3073 quodum
1432 2986 1506 3050 viu·

204 3079 280 3146 culo
301 3084 387 3148 iuter
410 3103 445 3146 se
467 3084 643 3148 coniuncta
662 3085 697 3148 iu
716 3085 805 3172 ipsos
828 3083 931 3150 libros
958 3093 1088 3150 nostros
1113 3086 1353 3170 manuscriptos
1375 3085 1505 3151 radices

203 3185 345 3269 egerint.
399 3183 508 3268 magis
540 3189 716 3271 propterea
741 3184 853 3252 oculos
882 3195 1012 3250 nostros
1041 3187 1077 3250 iu
1104 3207 1140 3250 se
1162 3189 1262 3252 vertit
1287 3186 1505 3254 Hrahanus

275 3323 559 3377 245.155515ι51.1.
580 3339 606 3390 p.
624 3323 676 3377 355
773 3328 807 3376 25
829 3325 847 3378 i.
869 3326 886 3376 1.
907 3342 935 3392 p.
958 3327 1006 3378 147
1023 3342 1081 3391 sqq.
1174 3327 1210 3378 20
1231 3317 1346 3378 51555551
1364 3327 1410 3378 des
1426 3329 1504 3380 Rhei-

201 3407 446 3476 nisch·Westphal.
474 3407 788 3462 Schuima'auner-Vareius
811 3413 844 3462 111
872 3411 954 3472 1845,
974 3415 1024 3464 205
1040 3429 1097 3478 sqq.
1124 3415 1149 3464 iu
1168 3415 1392 3466 cemutentatioue:
1416 3416 1504 3466 Bomi-

202 3495 273 3544 sche
293 3495 442 3547 Diouhoscu
461 3509 521 3545 rom
540 3504 623 3546 ersten
642 3497 815 3570 Jahrhuudsrt
833 3514 878 3548 vor
894 3499 954 3552 Chr.
973 3500 1014 3551 his
1033 3514 1091 3550 rum
1107 3501 1225 3552 sechsteu
1242 3501 1308 3552 uach
1327 3500 1386 3555 Chr.
1405 3517 1434 3568 p.
1452 3499 1505 3555 220

201 3609 239 3618 -
247 3581 300 3631 274
351 3583 384 3632 27
399 3583 415 3634 Ι.
427 3582 443 3632 t.
455 3597 482 3648 p.
494 3579 545 3634 355
554 3597 609 3646 sqq.
620 3585 646 3633 in
657 3597 763 3638 comm:
784 3585 847 3634 tiber
859 3585 900 3634 die
914 3583 1123 3653 Subscripttouen
1135 3589 1217 3639 tuden
1228 3589 1286 3640 tiss.
1300 3590 1364 3638 rom.
1375 3587 1504 3638 0155ιί555

201 3681 229 3731 p.
249 3666 302 3718 327
320 3693 354 3704 -
371 3665 433 3718 372.
474 3668 585 3720 similem
609 3669 641 3720 ah
666 3670 755 3722 eodem
773 3670 906 3722 Theodoro
929 3685 1035 3737 operam
1060 3683 1178 3724 navatam
1201 3690 1259 3724 esse
1276 3671 1383 3723 Boethio
1408 3673 1504 3724 ibidem

201 3752 349 3802 adnotatum
370 3761 408 3804 est
426 3767 452 3820 p.
475 3753 582 3816 35455.
655 3753 689 3806 28
709 3772 736 3822 p.
757 3757 826 3808 2154
846 3759 873 3810 P.
893 3758 928 3808 51.
950 3757 1079 3810 05555555
1098 3756 1117 3808 1.
1136 3759 1154 3812 Ι.
1174 3774 1202 3826 p.
1220 3759 1269 3810 102
1289 3774 1346 3822 sqq.
1390 3785 1397 3798 =
1426 3761 1501 3814 205.

200 3837 280 3888 modo
300 3837 452 3889 Heereuium
472 3837 563 3889 Gesch.
583 3841 608 3890 d.
628 3839 703 3892 cisse.
725 3842 783 3894 Litt.
806 3844 839 3894 im
856 3843 1001 3894 Mitteiaiter
1018 3847 1030 3894 1
1046 3845 1097 3898 100
1108 3861 1147 3910 sq.
1169 3845 1362 3895 Pridhionium
1379 3845 1412 3895 ds
1431 3845 1503 3894 tibris

200 3923 379 3988 palimpsertis
400 3935 451 3975 tam
471 3925 569 3976 Latinis
592 3942 667 3992 quam
687 3925 791 3980 Graecis
815 3927 967 3980 Carlsruhae
986 3930 1053 3982 1855
1076 3947 1104 3997 p.
1121 3933 1155 3982 22
1172 3945 1213 3993 sq.
1238 3931 1296 3983 5511.
1316 3929 1381 3994 p.9
1468 3929 1504 3982 30

200 4024 228 4073 p.
249 4007 328 4060 2347.
346 4009 416 4063 2350
433 4011 477 4070 Ρ.,
502 4012 569 4062 unda
587 4027 634 4062 sua
651 4009 737 4060 hausit
756 4009 880 4064 Atcuiuus
904 4015 936 4064 de
952 4016 1137 4082 orthographia
1156 4016 1244 4068 11311
1263 4025 1288 4066 ct
1304 4014 1357 4066 312
1377 4031 1440 4082 opp.
1459 4015 1500 4069 ed.

200 4093 308 4144 Froben.
399 4097 431 4150 31
459 4111 485 4152 t.
506 4098 608 4148 alcuini
628 4107 760 4164 grammat.
779 4115 807 4165 p.
828 4099 905 4152 2088.
925 4101 1002 4153 2100.
1022 4099 1089 4151 2111
1107 4101 1137 4154 P.
1160 4101 1270 4168 (11272.
1290 4102 1349 4154 281.
1368 4101 1421 4152 284
1437 4118 1499 4168 opp.

199 4179 243 4230 ed.
264 4179 389 4246 Froben.)
408 4181 443 4234 ct.
462 4197 521 4236 anu.
542 4185 660 4250 praeced.
733 4183 767 4236 32
786 4185 818 4234 (15
837 4185 936 4249 pontiti.
957 4195 982 4236 et
999 4188 1094 4236 sanctis
1112 4185 1175 4235 eccl.
1196 4187 1303 4237 Eborac.
1322 4204 1348 4238 v.
1368 4188 1434 4242 1553
1443 4205 1501 4254 sqq.

200 4263 234 4324 (11
255 4265 306 4316 257
329 4281 389 4332 opp.
411 4269 452 4320 ed.
472 4268 597 4334 Froben.)
702 4271 735 4324 33
759 4269 891 4336 [iungaius
908 4271 992 4318 tioruit
1015 4271 1083 4320 circa
1105 4285 1199 4322 anuum
1217 4270 1270 4324 823
1289 4289 1313 4327 v,
1335 4273 1501 4326 dictatorium

199 4351 301 4412 antiqq.
322 4349 378 4400 lul.
396 4353 432 4402 111
449 4353 502 4406 815
519 4371 576 4420 sqq.
596 4355 649 4406 824
667 4369 705 4418 sq.
734 4357 872 4406 Baehrium
895 4355 988 4406 Gesch.
1012 4357 1058 4407 der
1078 4361 1142 4408 rom.
1163 4357 1288 4410 Literatur
1312 4362 1347 4410 im
1373 4362 1500 4430 karoling.

198 4433 493 4502 251151155537255.
521 4453 647 4506 quemque
670 4441 759 4493 laudat
777 4441 988 4504 Tirahoschiuru,
1015 4457 1123 4506 quorum
1147 4445 1258 4495 rationes
1277 4445 1372 4498 frustra
1388 4459 1502 4500 evertere

198 4525 309 4567 conatur
326 4518 456 4586 Pepronus
481 4525 513 4576 de
536 4527 598 4578 5151.
617 4525 737 4578 Bobiensi
760 4545 787 4595 p.
806 4527 838 4580 X.
876 4527 1037 4578 Prisciauum
1061 4529 1148 4580 iaudat
1170 4532 1196 4580 15
1216 4530 1282 4582 11555
1305 4535 1502 4599 responsionum

197 4609 290 4654 contra
309 4599 444 4658 Claudium
460 4609 643 4664 Tauriuensam
661 4615 813 4681 episcopum
835 4613 910 4679 (5151.
934 4627 1003 4666 max.
1023 4623 1089 4679 patr.
1108 4615 1192 4682 Lugd.
1212 4617 1273 4668 11111
1290 4618 1343 4670 200
1364 4618 1398 4673 ci.
1411 4603 1499 4674 ¹Prisc.

195 4686 246 4736 lib.
268 4687 366 4752 vni-s
381 4689 431 4755 37)
455 4694 590 4762 ipsumque
610 4697 734 4750 Prisciani
757 4699 859 4750 codices
876 4699 1024 4764 possedisse
1042 4701 1179 4751 memoriae
1196 4702 1325 4767 proditum
1344 4713 1383 4753 est
1400 4720 1426 4758 v.
1446 4705 1500 4754 115-

194 4773 326 4823 τιῑοῐίιιω
343 4774 361 4828 Ι.
373 4765 398 4828 Ἰ.
419 4791 445 4842 p.
457 4778 557 4844 82555.
576 4789 601 4832 et
620 4783 686 4834 iutra
703 4799 729 4850 p.
743 4783 815 4834 XVII
886 4786 921 4838 34
938 4786 1092 4851 Agohardus
1110 4785 1141 4853 (†
1154 4785 1218 4851 810)
1239 4797 1327 4840 contra
1345 4791 1500 4842 ohieottoues

194 4857 339 4926 Fredegisi
356 4860 382 4910 in
400 4861 462 4916 5151.
482 4879 550 4916 max.
571 4877 636 4934 patr.
655 4869 782 4922 11111278
807 4870 842 4922 ci.
861 4871 986 4922 Prisciani
1005 4872 1181 4924 attalianum
1198 4889 1240 4938 ep.
1259 4877 1276 4938 ς
1293 4873 1310 4926 3
