3600 5584
310 381 328 421 x
512 371 515 378 '
780 441 788 462 ,
855 353 1063 419 PRAEFATIO

310 545 491 621 Maurus,
521 539 577 624 qui
607 537 741 602 Aleuini
768 537 845 602 olim
867 537 1043 624 disciplina
1064 537 1248 603 Turonensi
1271 558 1352 602 usus
1368 540 1392 574 ³⁵
1414 540 1498 604 tanti
1519 539 1608 604 Pris-

309 647 438 711 cianum
467 641 561 722 fecit,
598 649 634 703 ut
658 662 701 702 ex
725 663 763 704 eo
784 640 989 726 potissimum
1015 661 1093 705 suos
1116 639 1158 704 de
1178 647 1249 702 arte
1270 642 1486 722 grammatica
1503 638 1606 706 libros

310 746 392 811 duos
415 749 622 827 excerperet,
651 741 769 827 quibus
790 741 825 804 in
846 740 989 806 editione
1014 763 1149 828 operum
1170 739 1320 805 Hrabani
1341 740 1531 808 Coloniensi
1553 742 1606 806 vel

255 911 261 922 ,
309 847 424 912 titulus
451 842 659 931 praefigitur:
693 843 878 928 ‘excerptio
906 841 1057 908 Hrabani
1083 842 1192 906 Mauri
1227 840 1268 906 de
1295 851 1366 907 arte
1391 845 1607 928 grammatica

310 948 527 1012 Prisciani'³⁸.
571 943 661 1009 baud
681 945 783 1028 igitur
803 944 932 1021 mirum,
951 944 1041 1030 quod
1056 945 1249 1029 diligentem
1266 944 1344 1008 huic
1360 946 1509 1031 scriptori
1531 967 1605 1032 ops-

312 1040 381 1115 ram
405 1046 564 1134 impendit
586 1045 788 1110 Servatus
816 1045 970 1132 Lupus,
999 1046 1105 1112 abbas
1132 1046 1355 1110 Ferrariensie
1381 1044 1499 1132 (natus
1519 1048 1608 1112 circa

312 1173 434 1216 annum
456 1151 530 1231 805,
553 1149 656 1226 †non
679 1146 781 1212 multo
800 1156 874 1234 post
895 1169 1019 1212 annum
1040 1147 1116 1232 862)
1130 1149 1164 1229 ⁸⁷,
1187 1147 1244 1232 qui
1266 1156 1303 1210 ut
1324 1169 1345 1209 a
1364 1147 1523 1214 Hrabano
1536 1171 1606 1214 eru-

307 1255 449 1334 diretur,
471 1249 597 1314 imeae
620 1249 698 1328 olim
716 1259 931 1314 commoratus
945 1257 1025 1314 erat.
1061 1270 1158 1336 quem
1179 1246 1328 1312 doctrina
1343 1247 1534 1316 Priscianea
1550 1275 1606 1338 pe·

309 1357 398 1420 uitus
412 1352 572 1418 imbutum
588 1349 691 1415 luisse
706 1350 933 1416 demonstrent
947 1352 1019 1414 eius
1037 1347 1199 1436 epistulae
1217 1347 1260 1413 ad
1272 1347 1548 1436 Adalgardumet
1563 1353 1605 1418 ad

309 1457 482 1522 Altuinum
503 1449 698 1517 monachum
721 1452 819 1518 datae
828 1455 862 1535 ³⁸,
885 1450 1006 1539 quibus
1028 1451 1072 1517 ad
1093 1450 1303 1537 quaestiones
1321 1454 1550 1536 grammaticas
1571 1463 1606 1520 et

306 1555 516 1648 prosodiacas
526 1553 568 1618 ab
579 1555 694 1618 amIcis
702 1553 765 1638 ipsi
777 1555 960 1640 propositas
966 1552 1130 1617 Prisciani
1140 1554 1335 1618 auctoritate
1341 1554 1452 1620 ubivis
1465 1554 1535 1620 fere
1545 1555 1602 1620 ad-

309 1663 392 1726 scita
403 1667 501 1745 atque
515 1657 597 1743 ipsis
610 1657 680 1720 eius
690 1655 800 1720 verbis
813 1654 922 1718 allatis
934 1652 1121 1740 respondet.
1141 1651 1239 1719 facile
1250 1656 1352 1740 igitur
1362 1655 1434 1720 fieri
1440 1658 1557 1742 potuit,
1568 1664 1606 1720 ut

306 1764 387 1848 ipse,
403 1759 451 1826 rei
467 1758 700 1842 grammaticae
717 1765 750 1821 et
765 1755 932 1821 studiosus
944 1764 977 1820 et
992 1756 1072 1818 satis
1083 1755 1209 1840 peritus
1228 1766 1261 1821 ct
1272 1758 1307 1820 in
1324 1755 1464 1822 aliorum
1474 1779 1603 1846 quoque

306 1861 593 1950 grammaticorum
609 1857 764 1945 operibus
779 1865 930 1922 versatus
940 1860 974 1940 ³⁹,
998 1859 1168 1922 contextui
1190 1858 1261 1922 eius
1283 1879 1416 1945 operam
1434 1868 1581 1924 navaret.

392 1963 490 2026 Hune
522 1961 623 2046 igitur
654 1959 786 2045 Lupum
814 1957 956 2024 arbitror
983 1945 1150 2042 desigssari
1179 1959 1221 2022 ab
1248 1967 1401 2023 neomuto
1432 1961 1466 2040 1)
1488 1958 1602 2024 eodi-

306 2067 370 2131 oie
399 2059 684 2130 bibliothecae
714 2059 804 2148 imp.
827 2060 1047 2126 Parisinae
1067 2063 1168 2125 7496
1194 2059 1282 2146 (a),
1314 2062 1372 2145 qui
1403 2069 1436 2126 et
1462 2061 1533 2148 ipse
1561 2061 1605 2126 ad

306 2165 473 2232 saeculum
493 2183 615 2228 nonum
637 2162 792 2248 pertinet,
827 2162 1034 2228 emendatore
1053 2162 1183 2248 aequali
1197 2147 1261 2246 ⁰(r)
1282 2160 1327 2224 ad
1352 2161 1410 2227 lib.
1435 2161 1484 2226 VI
1505 2166 1526 2243 ς
1549 2167 1600 2227 77.

305 2261 362 2356 qui
395 2289 468 2331 cum
493 2285 650 2351 persaepe
678 2260 786 2326 doleat
813 2263 1013 2348 glossemata
1042 2264 1108 2328 iam
1135 2273 1205 2327 tum
1233 2263 1318 2326 inter
1344 2263 1418 2348 ipsa
1437 2264 1600 2330 Prisciani

305 2371 407 2436 verba
443 2366 550 2448 illata,
587 2362 669 2428 alibi
701 2363 800 2426 etiam
828 2363 1057 2448 interlineas,
1084 2363 1254 2449 ‘magistri
1283 2363 1393 2448 glosa’
1410 2367 1443 2448 ⁴⁰,
1471 2371 1600 2432 ‘vetere

305 2473 415 2558 glosa'
428 2470 449 2506 ⁴¹
473 2489 570 2548 usus,
600 2465 889 2560 interpretamenta
909 2466 1017 2550 addit,
1046 2467 1151 2532 voluti
1174 2465 1196 2530 l.
1219 2477 1468 2532 commemorato
1490 2470 1600 2536 verbis

213 2612 221 2632 ·
306 2587 486 2678 ‘quomodo
507 2585 631 2670 figuras
654 2589 688 2645 et
708 2581 851 2647 colores'
873 2585 1104 2669 superscribit:
1133 2584 1238 2648 ‘ideas
1261 2598 1280 2646 “t
1305 2583 1427 2650 formas
1445 2574 1470 2673 q
1490 2588 1601 2674 inpru-

265 2781 267 2788 ,
305 2709 416 2772 dontio
440 2712 548 2769 mente
579 2701 694 2766 diuina
720 2689 835 2765 estiter
853 2690 936 2790 quar
956 2703 1060 2766 instar
1073 2723 1210 2788 corpora
1223 2701 1454 2768 firmarentur’.
1483 2705 1598 2769 eadem

306 2819 416 2873 tamen
436 2805 590 2890 deinceps
617 2800 745 2866 lineolis
770 2801 941 2866 subductis
963 2812 1070 2886 notat,
1091 2803 1235 2867 addens:
1260 2803 1337 2867 ‘sed
1358 2803 1455 2890 lupus
1479 2805 1520 2869 de
1541 2828 1600 2871 suo

305 2912 367 2974 istri
401 2906 526 2992 glosam
555 2905 705 2971 deleuit’.
761 2903 841 2966 satis
869 2905 1041 2987 igiturest
1063 2903 1236 2986 credibile,
1265 2897 1442 2990 adipsum
1469 2907 1600 2995 Lupum

306 3009 504 3098 pertinuisse
528 3006 638 3088 illum,
665 3025 761 3090 quem
784 3003 914 3090 saepius
937 2999 991 3068 hic
1009 3004 1199 3069 emendator
1217 3007 1356 3087 excitat,
1385 3005 1505 3072 librum
1527 3016 1601 3074 ‘ve-

305 3114 446 3176 tustum'
458 3107 490 3168 ⁴².
540 3109 612 3194 ¹ipsc
632 3128 709 3170 vcro
732 3104 787 3168 ille
809 3103 930 3188 codex,
955 3105 1236 3188 membranaceus,
1264 3107 1389 3172 formae
1410 3109 1600 3194 quadratae,

306 3211 459 3276 foliorum
482 3211 552 3290 249,
575 3215 649 3294 post
662 3206 825 3270 Prisciani
848 3208 928 3271 artis
949 3207 1181 3293 grammaticae
1201 3205 1303 3274 libros
1318 3206 1438 3272 XVIII
1456 3211 1602 3274 continet

306 3311 453 3377 eiusdem
468 3310 518 3374 'de
547 3309 661 3394 figuris
689 3328 915 3390 numerorum,
945 3308 987 3372 de
1016 3309 1128 3372 metris
1156 3307 1344 3372 fabularum
1365 3307 1527 3394 Terentii,
1560 3311 1601 3375 de

307 3409 680 3502 praeexercitaminibus
718 3409 889 3475 rhetoricis
930 3409 1074 3491 libellos,
1115 3419 1185 3475 tum
1221 3413 1333 3477 Rufini
1366 3411 1599 3478 Antiochensis

307 3512 464 3602 opuscula
484 3511 630 3592 metrica,
652 3513 782 3574 carm'cn
801 3509 1006 3598 denique'de
1028 3511 1228 3596 ponderibus
1251 3525 1284 3579 ot
1305 3515 1468 3579 mensuris
1489 3507 1601 3594 daipe-

374 3704 408 3755 35
427 3719 451 3754 v,
466 3703 667 3750 IIunstmanuum
684 3696 818 3746 IIrabsuns
836 3697 996 3764 Magnentius
1009 3697 1111 3749 Maurus
1126 3715 1156 3766 p:
1170 3701 1204 3753 36
1214 3718 1271 3766 sqq.
1343 3701 1377 3754 36
1394 3701 1506 3752 Erebuni
1519 3703 1600 3752 Mauri

305 3803 365 3856 opp.
380 3787 422 3837 ed.
438 3785 467 3836 G.
480 3783 643 3835 colvenerius
659 3778 746 3834 colon.
765 3783 874 3849 agripp.
892 3795 954 3833 tom.
972 3786 983 3834 I
999 3799 1022 3837 a.
1040 3785 1163 3836 lustret.
1182 3802 1207 3851 p.
1221 3785 1264 3840 28.
1283 3785 1444 3850 Priscianeis,
1462 3789 1601 3852 exquibus

308 3874 360 3924 iere
380 3873 441 3922 solta
461 3871 526 3920 liber
542 3871 611 3935 prior
629 3869 785 3932 compositus
804 3875 851 3928 est,
870 3871 968 3934 passim
987 3871 1022 3920 ibi
1040 3871 1158 3922 immixta
1173 3874 1335 3922 inveniuntur
1348 3871 1407 3925 alia.
1428 3873 1600 3923 librialterius

307 3967 384 4026 caput
398 3959 508 4023 prunum
526 3957 570 4007 ‘de
582 3959 607 4005 vi
623 3973 652 4006 ae
663 3954 734 4004 varia
746 3961 870 4020 potestate
889 3961 1037 4006 metrorum’
1057 3957 1090 4006 ad
1109 3959 1213 4009 verbum
1233 3975 1265 4007 ex
1276 3957 1408 4008 DiomedIs
1426 3959 1491 4009 libro
1506 3961 1539 4008 lIl
1557 3960 1601 4009 de-

307 4051 435 4111 sumptum
460 4051 498 4092 cst
522 4044 616 4094 inserto
640 4041 783 4108 fragmento
802 4039 956 4093 SuetouIano
981 4057 1012 4090 ex
1032 4043 1094 4096 Isid.
1120 4042 1202 4109 origg.
1223 4043 1283 4092 VIII
1306 4045 1522 4110 7‚1.2peut0.
1559 4061 1599 4095 ae-

306 4139 416 4195 quantur
434 4129 527 4180 deinde
545 4128 648 4196 glossae
664 4129 800 4178 verborum
819 4129 844 4176 iu
862 4127 988 4177 Donatum
1004 4131 1125 4198 maiorem
1144 4137 1192 4180 stc.
1281 4127 1314 4180 37
1333 4146 1357 4179 v.
1376 4131 1436 4181 hist.
1459 4133 1506 4184 litt.
1525 4131 1558 4182 dc
1574 4131 1599 4181 ia

305 4219 401 4266 Franco
421 4217 444 4264 V
460 4217 511 4267 255
527 4231 584 4280 sqq.
671 4213 704 4266 38
729 4230 770 4279 ep.
791 4213 848 4262 VIII
866 4221 889 4263 et
909 4230 949 4280 ep.
968 4214 1079 4264 XXXIV
1098 4218 1123 4264 lu
1141 4215 1169 4265 B.
1191 4213 1290 4264 Servati
1307 4215 1372 4280 Lupi
1389 4232 1450 4282 opp.
1471 4217 1503 4267 ed
1522 4218 1599 4268 Baln-

305 4303 360 4350 11111
378 4316 403 4365 p.
421 4299 455 4351 26
474 4315 531 4362 sqq.
556 4299 590 4351 69
607 4315 664 4362 sqq.
690 4300 730 4352 ed.
756 4299 800 4349 alt.
828 4301 993 4365 antwerpiae
1014 4300 1089 4351 1710.
1126 4301 1213 4351 laudat
1231 4301 1318 4366 Lupus
1336 4302 1495 4352 PrIseianum
1514 4305 1554 4352 vel
1574 4305 1599 4351 111

306 4401 383 4450 opere
398 4385 507 4448 quodum
524 4379 676 4449 theologico,
696 4384 850 4434 collectaneo
870 4386 902 4434 dc
920 4387 1002 4436 tribus
1020 4388 1221 4450 quaestionibus,
1236 4387 1255 4434 l.
1270 4385 1287 4434 l.
1306 4402 1334 4451 p.
1345 4385 1397 4437 235
1467 4386 1501 4439 39
1519 4389 1596 4439 veluti

307 4471 416 4535 Cuprum
436 4470 509 4520 affert
528 4487 569 4537 ep.
580 4469 630 4518 XX
648 4483 674 4534 p.
694 4471 736 4530 41,
753 4469 878 4521 Donatum
897 4487 938 4537 ep.
956 4473 980 4522 V
994 4487 1019 4538 p.
1037 4476 1085 4535 22,
1109 4472 1201 4522 Donati
1220 4473 1246 4520 iu
1264 4473 1411 4522 Terentium
1429 4483 1598 4524 commentum

307 4557 419 4612 Itomae
438 4555 573 4605 BenedIcto
592 4570 662 4620 pupa
679 4557 775 4620 expetit
794 4571 834 4620 ep.
856 4555 909 4606 CIII
927 4574 953 4624 p.
976 4559 1025 4609 155
1044 4566 1091 4607 ete.
1175 4558 1209 4610 46
1227 4575 1251 4611 v.
1274 4558 1409 4612 1111111111
1434 4559 1485 4620 §2
1563 4562 1596 4610 41

305 4643 343 4691 sic
361 4641 394 4690 ad
412 4643 522 4706 ‘cuspis’
542 4641 585 4692 lib.
606 4642 639 4690 VI
658 4641 674 4703 S
694 4639 806 4693 6611111.
826 4647 916 4690 ‘uetus
934 4643 1009 4708 glosa
1025 4644 1157 4693 summitas
1174 4644 1291 4694 lanceae’
1364 4646 1398 4694 42
1417 4645 1452 4698 ei.
1472 4645 1516 4695 lib.
1537 4645 1597 4696 XIII

306 4728 323 4789 s
342 4727 376 4776 25
394 4725 464 4776 XIIII
482 4727 525 4778 21.
546 4725 589 4776 37.
616 4725 711 4775 ‘alter’
732 4739 943 4786 commemoratur
961 4726 1005 4778 lib.
1024 4729 1035 4777 I
1052 4733 1068 4792 s
1085 4729 1133 4792 50,
1154 4729 1301 4794 plerumque
1318 4745 1371 4780 var.
1392 4731 1448 4782 leet.
1468 4713 1484 4780 i·
1501 4731 1598 4782 indicat

306 4837 365 4879 nota
384 4828 449 4880 ‘At’
469 4827 509 4878 vel
529 4803 659 4900 «11511
687 4827 811 4880 interdum
830 4829 907 4879 etium
924 4836 1010 4880 notat
1036 4845 1061 4880 v.
1082 4830 1126 4882 lib.
1146 4831 1170 4879 X
1193 4831 1373 4894 5111311111
1393 4835 1409 4884 2
