3600 5584
326 373 363 416 xx
864 349 1074 414 PRAEFATIO

327 547 364 603 ut
387 536 627 601 discerneretur
649 529 762 596 sedulo
788 536 919 634 curaqi3
953 557 1013 622 per
1042 533 1186 621 reliquos
1212 533 1315 598 libros
1340 534 1490 619 singulos
1517 544 1633 600 vastae

327 638 424 702 buius
447 635 622 720 farraginis
644 642 794 698 auctores
815 643 885 700 tuto
908 638 1082 720 seiungere
1100 657 1167 699 000
1187 633 1292 698 licuit.

339 746 340 749 ’
411 735 545 800 Praeter
566 735 625 800 hos
647 734 776 800 codices
797 735 918 800 multos
940 739 1039 801 etiam
1060 737 1143 802 alios
1165 732 1219 800 vel
1241 732 1416 819 diligenter
1439 739 1631 804 examinavi

324 837 379 904 vel
401 859 459 924 per
482 836 626 922 aliquam
648 845 775 922 partem
796 836 931 904 contuli.
990 837 1117 902 nullum
1136 846 1247 901 tamen
1268 835 1398 919 inveni,
1429 839 1487 923 qui
1513 840 1628 924 genui-

326 963 389 1004 nae
411 939 560 1004 lectionis
582 937 706 1004 fontem
728 937 770 1003 ab
793 937 953 1004 alterutra
972 948 1083 1004 vetere
1104 937 1295 1004 recensione
1310 937 1518 1003 recedentem
1535 962 1628 1026 prae-

325 1042 428 1106 beret.
463 1041 587 1127 passim
603 1040 705 1124 igitur
725 1047 863 1124 tantum,
885 1041 943 1106 ubi
965 1063 1064 1106 exre
1086 1040 1271 1120 videbatur,
1292 1041 1427 1101 testium
1443 1061 1543 1127 supra
1564 1041 1631 1104 dic-

323 1152 430 1207 torum
453 1162 623 1206 numerum
643 1163 703 1227 per
724 1138 783 1205 hos
804 1140 906 1207 libros
927 1143 1007 1206 auxi
1028 1141 1125 1206 unius
1154 1140 1334 1204 alteriusve
1361 1139 1499 1204 istorum
1529 1139 1626 1204 codd.

324 1243 463 1308 lectione
495 1241 623 1325 addita,
661 1241 718 1306 ubi
744 1242 773 1306 is
801 1240 855 1308 vel
877 1241 1017 1308 aliorum
1037 1243 1264 1308 testimonium
1284 1240 1419 1304 fulciret
1439 1239 1494 1306 vel
1515 1241 1627 1326 singu-

322 1344 390 1408 lare
413 1342 546 1431 quidet
568 1343 713 1408 notabile
734 1343 876 1408 afferret.
922 1368 986 1432 quc
1009 1354 1143 1433 praeter
1165 1342 1282 1409 codd.
1301 1343 1505 1409 Romanos
1524 1350 1558 1406 et
1588 1342 1622 1428 1)

323 1444 566 1510 Vaticanum
594 1453 627 1509 et
661 1446 693 1528 2)
725 1444 1081 1512 Barbarinianum
1112 1468 1212 1535 supra
1246 1453 1515 1511 commemoratos
1552 1465 1626 1531 per-

322 1549 444 1615 tinent:
980 1571 989 1609 ·.

410 1645 549 1725 3).οο(1.
574 1646 843 1714 Monacensis
866 1654 902 1731 Α,
925 1649 966 1714 de
985 1673 1138 1737 quocum
1159 1651 1303 1715 maxime
1324 1647 1442 1735 loquar
1461 1643 1628 1732 pluribus.

406 1751 441 1833 4)
465 1746 549 1813 eod.
579 1748 936 1814 Darmstadiensis
963 1753 1082 1836 2190,
1109 1752 1190 1818 bibl.
1218 1751 1297 1817 olim
1327 1747 1534 1816 Coloniensis
1552 1748 1628 1828 200,

323 1850 470 1932 membr,
492 1848 617 1915 formae
638 1873 739 1936 maa,
765 1850 924 1916 librorum
938 1852 1057 1917 XVIII
1080 1853 1242 1935 omnium,
1265 1850 1395 1916 saeculo
1416 1847 1501 1914 VIII
1521 1849 1627 1930 assig-

322 1955 476 2021 natusab
483 1953 707 2018 Hartaheimio
716 1956 755 2036 ⁸⁸3
772 1961 806 2018 at
817 1953 904 2019 hunc
917 1955 1036 2021 librum
1045 1979 1088 2038 en
1096 1955 1205 2021 Caroli
1213 1954 1417 2018 Lachmanni
1432 1946 1630 2015 etMauricii

321 2055 468 2142 Hauptii‚
491 2077 572 2143 quos
592 2053 632 2118 de
655 2055 725 2117 eius
738 2063 845 2120 aetate
868 2079 927 2143 per
949 2057 1020 2122 dies
1037 2068 1220 2123 conventus
1241 2055 1483 2144 philologorum
1505 2047 1627 2113 Darm-

322 2158 498 2224 stadiensis
517 2152 686 2220 consulere
713 2153 823 2236 licuit,
853 2177 1016 2222 consensu
1043 2179 1129 2224 saec.
1149 2158 1280 2223 demum
1296 2155 1368 2222 XII
1384 2153 1529 2220 tribuere
1559 2170 1628 2214 000

321 2258 446 2324 dubito.
488 2256 639 2343 (llarmst.
655 2253 689 2342 α)

1178 2355 1218 2397 asa

407 2406 441 2490 5)
461 2401 544 2468 coe.
567 2402 930 2468 carmeianensis
954 2406 1024 2466 725
1056 2405 1153 2493 (oum
1176 2380 1237 2492 ia)
1260 2402 1363 2469 nan
1386 2423 1435 2486 gr.
1459 2401 1516 2467 ns.
1546 2400 1628 2465 1-

322 2502 421 2586 XVI,
456 2499 610 2583 membr,
641 2499 764 2565 formae
792 2501 988 2588 quadratae,
1022 2525 1106 2569 saec.
1138 2505 1225 2589 XII,
1264 2504 1342 2570 olim
1370 2504 1560 2567 monasterii
1590 2501 1626 2565 S.

323 2600 436 2666 Iacobi
457 2598 664 2664 Leodiensis.
690 2599 844 2686 (Barmst.
864 2599 895 2683 ⁶)

406 2701 439 2788 6)
473 2699 746 2785 fragmentum
782 2701 1131 2766 Darmstadiense
1172 2705 1290 2788 2172,
1325 2707 1403 2769 olim
1429 2701 1628 2769 Coloniense

321 2803 383 2864 202
395 2804 428 2885 ⁸⁷,
452 2805 602 2884 membr,
643 2800 767 2867 formae
787 2803 966 2886 maximae,
998 2825 1085 2867 saec.
1109 2802 1196 2887 XII,
1231 2804 1331 2870 libros
1352 2808 1511 2892 primores
1533 2802 1628 2867 exhi-

320 2900 403 2964 bens
421 2903 587 2988 usquead
607 2925 698 2968 voce.
725 2911 772 2968 ‘ut
794 2904 847 2969 hic
870 2911 1017 2968 senatus'
1041 2904 1098 2970 lib.
1123 2906 1191 2970 VII
1212 2910 1297 2987 §9l.
1328 2910 1459 2995 initium
1482 2915 1514 2969 et
1531 2927 1625 2994 prae-

319 3000 452 3064 fationis
477 3003 642 3087 usquead
662 3001 881 3067 ‘omniafere'
903 3007 923 3084 ἕ
946 3005 965 3066 2
988 3005 1119 3072 etlibri
1141 3007 1281 3096 Iusque
1305 3009 1350 3074 ad
1372 3009 1445 3074 ‘hae
1469 3008 1624 3072 coniunc-

320 3109 386 3164 tae'
409 3103 429 3180 §
453 3103 473 3164 4
495 3101 615 3168 (1011011.
662 3105 854 3192 (Baranam)

406 3202 440 3288 7)
454 3201 793 3272 Caroliruhensis
813 3207 902 3271 alte
914 3229 945 3292 r,
962 3209 1034 3290 220,
1058 3209 1135 3274 olim
1150 3211 1454 3293 Reichenaviensis,
1469 3209 1620 3291 membr,

319 3301 443 3366 formae
458 3323 557 3387 max,
579 3327 665 3370 saec.
684 3305 763 3372 XII.
777 3316 809 3371 et
825 3305 923 3371 hulus
935 3315 968 3370 et
978 3309 1052 3372 cod.
1065 3315 1098 3372 Ι(
1106 3331 1202 3375 usum
1213 3312 1293 3378 mihi
1304 3303 1437 3400 paravit
1448 3309 1623 3374 Baehrius.

406 3403 440 3489 8)
468 3402 749 3490 Coloniensis,
784 3406 882 3473 bibl.
918 3406 1241 3496 Wallrafianae,
1286 3414 1379 3475 cuius
1410 3409 1487 3474 libri
1526 3431 1624 3472 usum

319 3503 538 3568 Heimsoethii
568 3505 718 3589 inprimis
753 3506 898 3570 comitati
935 3506 1056 3590 debeo,
1086 3509 1201 3573 itidem
1234 3509 1504 3572 membranaceus
1537 3509 1624 3571 eius-

320 3602 459 3687 demque
486 3609 519 3664 et
538 3601 662 3666 somnae
685 3603 870 3666 etaetatis.
915 3603 950 3666 bi
970 3604 1034 3668 duo
1056 3604 1133 3669 libri
1157 3629 1194 3670 00
1217 3606 1385 3693 conspicui
1408 3615 1501 3690 sunt,
1535 3607 1623 3694 quod

319 3696 384 3763 loci
406 3706 574 3762 auctorum
597 3720 617 3760 a
638 3697 808 3763 Prisciano
831 3701 924 3766 citati
945 3723 989 3766 ex
1005 3704 1088 3789 ipsis
1112 3704 1227 3768 horum
1247 3709 1440 3793 scriptorum
1461 3708 1622 3772 membra·

321 3801 372 3864 nis
394 3798 483 3863 haud
505 3819 579 3862 raro
600 3797 756 3862 videntur
775 3819 847 3862 esse
868 3801 1044 3868 emendati.

406 3899 519 3986 Neque
551 3897 602 3962 his
631 3896 836 3985 frequentius
864 3899 1034 3969 Krehlii
1062 3905 1240 3989 codices,
1271 3928 1353 3994 quos
1385 3909 1421 3972 in
1448 3909 1621 4006 utriusque

319 4002 398 4066 tomi
423 3999 474 4064 ed.
499 4019 578 4064 suae
600 3999 860 4087 praefationibus
884 4008 1107 4092 enumeravit,
1135 4009 1171 4072 in
1191 4009 1351 4073 auxilium
1373 4008 1428 4074 vel
1448 4020 1622 4099 propterea

296 4131 300 4138 -
320 4099 453 4180 vocavi,
476 4097 564 4183 quod
583 4121 638 4164 eos
658 4121 718 4164 000
739 4101 820 4164 satis
843 4101 940 4188 plene
961 4124 1022 4168 nec
1046 4107 1126 4170 satis
1149 4116 1263 4173 exacte
1284 4109 1438 4195 contulit,
1473 4110 1508 4175 id
1532 4111 1621 4199 quod

319 4207 449 4285 praeter
477 4200 542 4264 alia
572 4202 674 4264 multa
692 4222 742 4265 me
769 4200 880 4268 docuit
901 4205 1021 4269 iterata
1046 4206 1123 4274 libri
1145 4207 1452 4278 Halberstadiensis
1477 4215 1619 4279 collatio.

321 4321 364 4362 ex
392 4297 528 4385 101100ἱο
557 4303 627 4366 0100
656 4301 824 4368 codicibus
854 4306 992 4388 eminet,
1021 4329 1119 4396 saepe
1146 4329 1220 4372 cum
1246 4333 1264 4373 r
1294 4316 1506 4402 conspirans,
1537 4315 1622 4380 liber

321 4399 520 4485 ‘imperialis
547 4403 737 4468 monasterii
766 4405 799 4469 S.
828 4405 1020 4470 Maximini’
1048 4405 1212 4491 Treviris,
1240 4433 1337 4497 qnem
1371 4413 1620 4482 Heidelber-

320 4521 485 4583 geusem
504 4505 636 4569 vocavit
651 4507 685 4568 ⁸⁸.
740 4507 834 4571 cuius
862 4507 1012 4572 00111100
1039 4505 1128 4571 haud
1148 4510 1247 4594 paulo
1265 4517 1500 4582 accuratiorem
1522 4539 1620 4605 quam

389 4657 424 4709 86
442 4656 574 4724 catalogus
591 4659 651 4712 hist.
673 4663 728 4714 crit.
751 4662 814 4714 bibl.
832 4663 924 4716 eccles.
941 4664 1096 4730 metropolit.
1116 4665 1278 4718 Coloniensis
1295 4668 1349 4724 Col.
1367 4673 1478 4739 agripp.
1500 4634 1577 4727 1152.
1593 4676 1620 4725 4.

319 4756 346 4805 p.
360 4742 410 4794 100
479 4743 512 4793 87
532 4745 564 4794 01.
583 4746 784 4798 Hartzlreimium
802 4749 820 4802 l.
838 4749 856 4798 l.
879 4765 906 4816 p.
921 4750 978 4814 101,
995 4750 1158 4812 0010000010
1177 4753 1201 4802 X
1219 4754 1287 4806 bunc
1304 4757 1363 4810 cod.
1381 4759 1469 4809 tribuit
1539 4760 1574 4810 8⁸
1591 4775 1618 4809 v.

319 4825 417 4876 Krehlii
432 4825 541 4893 praelat.
563 4831 574 4880 1
593 4845 621 4896 p.
639 4830 675 4882 XI
692 4847 730 4896 sq.
751 4832 968 4902 Reiffeuberginm
988 4835 1093 4888 bullatis
1117 4839 1150 4889 de
1172 4837 1265 4898 l’ecod.
1285 4842 1332 4893 des
1352 4845 1470 4896 00100000
1491 4854 1518 4897 et
1539 4845 1619 4897 belles
