3600 5584
351 344 412 407 534
669 336 681 383 ·'
849 336 1036 401 prusciam
1052 336 1147 401 utar.

418 487 424 499 .
468 457 485 499 r.
500 456 576 499 corr.
1431 451 1595 498 acaum

350 471 415 593 buil
434 458 546 601 Kome,
567 528 620 589 sed
640 526 823 589 differentiae
846 545 936 589 causa
956 534 1072 588 veteres
1092 524 1234 587 ‘Setum’
1263 542 1319 603 pro
1340 466 1487 587 ‘ZetKum’
1510 526 1643 587 dicentes

350 622 544 693 lroclsatum’
563 628 696 709 prolerre
718 628 913 691 tradiderunt.
958 637 987 690 et
1009 627 1177 697 sciendum,
1198 627 1279 705 quod
1299 627 1331 689 in
1352 628 1433 690 nullo
1455 628 1513 690 alio
1536 629 1642 709 supino

350 734 410 795 sive
428 731 583 813 participio
605 748 658 793 seu
677 730 795 793 nomine
810 731 984 811 participiali
1005 729 1216 812 apaeunltima
1230 730 1403 809 corripitur,
1425 730 1484 791 nisi
1503 730 1536 790 in
1550 750 1641 811 supra

302 850 336 900 44
354 836 432 897 dicto
456 841 485 895 et
511 833 576 895 aliis
596 832 705 903 trihus,
731 832 759 894 id
792 840 838 893 est
865 831 981 902 ‘satum
1010 831 1108 901 ritus,
1131 830 1233 901 datus,
1262 831 1387 892 status’.
1435 830 1541 891 ‘reor'
1567 848 1641 908 quo·
1732 913 1734 918 Ι

338 956 407 1023 ⁸que
423 937 529 999 ‘ratus’
549 934 620 997 lacit
641 934 842 1015 participium,
864 941 896 995 ut
917 942 990 1013 puto
1017 932 1199 995 differentiae
1225 951 1331 1000 causa,
1355 934 1424 1010 quia
1436 932 1536 995 ‘ritus’
1557 932 1660 995 alinde

353 1040 499 1119 significat
519 1046 548 1099 et
569 1038 676 1101 ‘retus’
699 1057 753 1117 pro
775 1036 905 1099 ‘retitus’
926 1035 1080 1105 dicebant,
1102 1035 1249 1114 quomodo
1272 1033 1415 1095 ‘saueius’
1438 1053 1493 1114 pro
1515 1034 1640 1097 ‘saucia-

349 1144 410 1203 tus’
438 1148 467 1202 et
494 1140 617 1201 ‘lassus'
647 1158 700 1219 pro
723 1138 874 1199 ‘lassatus'
902 1146 933 1199 et
957 1137 1098 1199 ‘lacerus’
1124 1155 1179 1217 pro
1206 1136 1378 1197 ‘laceratus'
1400 1144 1431 1197 et
1451 1138 1565 1217 ‘potus'
1587 1158 1639 1218 pro

350 1244 510 1327 ‘potatus'3
530 1242 649 1305 difficile
670 1243 748 1303 euim
769 1241 882 1303 invenis
908 1238 1024 1301 everlvi
1045 1238 1076 1299 in
1101 1258 1118 1299 a
1140 1238 1270 1298 converti
1295 1256 1350 1318 per
1372 1240 1559 1319 participium
1580 1240 1638 1301 sive

350 1345 488 1427 supinum
514 1344 572 1405 nisi
597 1344 628 1404 in
655 1362 744 1423 supra
763 1342 860 1405 dictis.
903 1342 933 1403 in
956 1339 1169 1420 compositione
1185 1358 1254 1401 vero
1273 1360 1291 1403 a
1313 1342 1569 1421 supradictorum
1591 1363 1639 1403 su-

349 1448 486 1528 pinonun
509 1446 568 1507 sive
592 1446 812 1527 participiorum
832 1444 862 1505 in
884 1444 894 1505 i
914 1442 1094 1505 convortitur
1109 1448 1290 1521 correptam:
1310 1436 1419 1515 ‘satum
1442 1443 1566 1515 insitus,
1587 1445 1638 1506 ol>-
1652 1462 1673 1502 a

351 1550 449 1612 situs'.
493 1547 674 1627 Virgilius
696 1546 726 1609 iu
749 1546 780 1607 ll
802 1546 1020 1624 georgicon:

576 1676 605 1715 r
947 1654 1194 1725 mutatamque
1216 1646 1333 1709 insita
1352 1648 1446 1710 mala

515 1753 626 1815 Ferre
648 1752 779 1833 pirum.

351 1858 481 1919 Cicero
504 1856 534 1916 in
558 1855 817 1917 frumentaria:
849 1859 886 1915 ut
913 1871 992 1913 cum
1014 1848 1178 1915 obsitum
1198 1851 1420 1916 Leontinum
1440 1871 1569 1931 agrum
1589 1856 1637 1916 vi-

349 1953 500 2038 dislses.
543 1955 686 2019 ‘deserui'
708 1976 776 2019 vero
794 1956 968 2017 ‘desertum’
994 1964 1025 2015 et
1044 1953 1168 2015 ‘inserui
1194 1956 1352 2017 insertum'
1372 1965 1402 2017 et
1421 1958 1537 2023 ‘exemi
1553 1952 1635 2020 duer-
1649 1979 1671 2019 n

349 2062 423 2121 tum'
451 2060 562 2121 iaciunt
588 2060 709 2140 supina;
735 2046 811 2137 quac
835 2075 905 2119 vero
921 2055 1074 2137 duplicant
1095 2076 1110 2117 s
1131 2065 1200 2119 ante
1221 2057 1247 2127 i,
1266 2065 1381 2120 mutant
1400 2059 1462 2121 ‘si'
1481 2061 1512 2122 in
1535 2062 1634 2123 ‘tum’

350 2164 379 2225 in
402 2162 523 2243 supino:
545 2162 636 2241 ‘gessi
651 2164 789 2240 gestum',
812 2159 887 2221 ‘ussi
910 2161 1033 2220 ustum'.
1046 2160 1237 2253 ‘duplicantia
1258 2179 1358 2222 veror
1379 2170 1448 2224 ante
1468 2164 1534 2225 oin
1556 2183 1637 2244 prae·

350 2264 425 2325 senti
458 2264 527 2325 ‘ro'
561 2264 591 2327 in
622 2262 721 2325 ‘sum'
751 2260 950 2325 convertentia
978 2260 1088 2323 laeiuut
1120 2263 1273 2342 supinum,
1305 2272 1338 2327 ut
1364 2264 1466 2327 ‘curro
1495 2271 1636 2337 cursum’,

348 2367 444 2429 ‘verro
462 2367 601 2427 versum’.

300 2492 335 2543 45
438 2468 471 2529 ln
493 2468 561 2529 ‘so'
581 2467 743 2529 desinentia
764 2486 782 2527 o
802 2466 833 2529 in
857 2469 867 2529 i
890 2467 1089 2529 convertentia
1110 2472 1266 2527 assumunt
1286 2465 1349 2527 ‘vi'
1371 2476 1402 2527 et
1424 2469 1535 2531 iaciunt
1555 2486 1671 2551 praem

348 2571 467 2633 teritum
486 2571 665 2651 perlectum:
687 2570 813 2630 ‘lacesso
824 2568 982 2641 lacessivi’,
1005 2568 1137 2630 ‘arcesso
1158 2568 1310 2631 arcessivi’
1330 2604 1345 2614 -
1365 2568 1573 2632 Sallustius
1592 2570 1636 2654 inll

350 2670 644 2734 llristoriarum:
676 2670 873 2732 [lonritium
899 2670 1165 2751 proconsulem
1192 2690 1232 2731 er
1254 2671 1435 2733 citeriore
1460 2672 1635 2755 Hispania

351 2793 429 2863 culm
453 2772 624 2835 omnibus
654 2772 791 2853 copiis,
821 2791 914 2851 quas
940 2779 1156 2855 paraverat,
1185 2761 1397 2833 arcessivit.
1447 2774 1532 2840 idem
1554 2778 1583 2837 in
1608 2778 1635 2837 ll

349 2876 606 2937 historiarum:
641 2882 837 2955 argentum
866 2881 1030 2936 mutuum
1056 2875 1269 2937 arcessivit.
1314 2876 1447 2937 Cicero
1472 2860 1530 2957 pro
1549 2878 1635 2941 llos-

350 2978 421 3039 cio:
451 2978 652 3040 arcessivit
680 2979 851 3056 aliquem.
882 2996 988 3055 quem
1016 2984 1078 3038 aut
1107 2977 1276 3054 quando?
1318 2978 1669 3054 (‘laeessolaoessivi’:z

350 3080 393 3141 sic
418 3080 575 3152 l'robus,
602 3086 631 3141 et
658 3078 772 3141 videtur
798 3078 869 3141 milri
897 3078 1003 3141 melius
1027 3078 1142 3149 dicere,
1170 3079 1358 3160 participium
1383 3080 1463 3141 euim
1491 3082 1634 3161 passinmr

385 3298 587 3391 ldiueidaetr
662 3346 760 3389 ueteres
784 3354 830 3392 ona.
855 3336 882 3387 K
958 3336 1045 3387 Setum
1063 3353 1109 3403 pro
1127 3334 1243 3402 Zethum]
1263 3339 1366 3389 DHGL
1384 3348 1424 3399 et,
1449 3348 1531 3390 sctum
1551 3342 1634 3405 proin

348 3442 395 3491 τηρ.
415 3426 488 3491 add„
508 3426 534 3475 K
546 3436 633 3512 xsaturn
647 3442 693 3493 pro
712 3432 795 3475 aetum
811 3424 860 3475 KB
935 3428 952 3477 ’1
971 3424 1022 3475 alio
1036 3426 1107 3490 infra
1124 3426 1168 3474 lin.
1189 3424 1251 3475 aad.
1271 3422 1300 3473 K
1366 3422 1383 3475 3
1398 3424 1464 3491 sive]
1483 3442 1499 3475 r
1515 3442 1545 3477 se
1561 3426 1636 3476 llam

349 3512 377 3563 K
444 3514 557 3563 dotatus
573 3513 646 3564 datus
663 3512 687 3561 Ι)
757 3520 837 3563 status
854 3510 950 3562 adal:
1018 3527 1117 3575 quoquc
1135 3509 1231 3565 addit
1311 3510 1474 3577 betputelt
1551 3512 1636 3576 drea-

795 3608 808 3632 V

349 3658 390 3701 tus
407 3663 453 3715 pro
473 3648 624 3715 reatitus(e)
643 3650 671 3699 H
739 3650 819 3699 vetitis
837 3648 875 3699 llr
944 3649 1047 3699 saeuius
1065 3648 1090 3698 L
1159 3649 1262 3699 'llusns
1280 3664 1327 3715 pro
1345 3648 1441 3701 lasatus
1455 3648 1507 3699 GK
1573 3650 1634 3701 lasa-

349 3720 432 3771 tush
518 3718 709 3771 SinuenieaK
777 3718 939 3785 poradd.d
1022 3716 1184 3770 taedam
1253 3719 1281 3771 11
1306 3720 1633 3786 remorandae,

419 3790 449 3838 ld
473 3790 525 3839 Cic.
546 3794 569 3841 in
592 3792 670 3841 Verr.
689 3798 739 3840 acl.
762 3789 783 3837 ll
802 3804 830 3839 ru
850 3789 892 3849 18,
908 3789 956 3837 47:
980 3802 1086 3853 campus
1102 3789 1254 3849 Leontinus,
1275 3790 1349 3839 euius
1365 3799 1441 3839 antee
1455 3790 1558 3855 species
1576 3791 1635 3840 haec

348 3868 417 3918 eret,
435 3864 475 3925 nt,
494 3874 550 3907 cum
570 3860 678 3911 obsitum
697 3858 817 3917 vidissm,
836 3866 883 3908 ota.
972 3858 1137 3907 frumentaria
1152 3868 1179 3908 ut
1196 3862 1258 3908 llum
1278 3860 1303 3909 L
1387 3860 1528 3909 leuntinum
1546 3860 1573 3909 K

349 3928 382 3980 19
400 3943 461 3977 uero
479 3930 561 3981 enati
631 3928 730 3995 exerui]
750 3946 765 3977 r
781 3930 882 3997 exserui
897 3929 922 3978 D
940 3929 1042 3978 exserui
1060 3928 1086 3977 B
1101 3928 1207 3979 exurill
1280 3926 1488 3996 llduplieaatia]
1508 3930 1635 3996 ‚Duplieia

347 4064 371 4115 R
461 4064 492 4115 19
516 4024 576 4117 uarro
592 4066 631 4116 Ην
720 4066 754 4119 ‘20
772 4066 910 4118 celsumunt
926 4066 952 4117 B
1038 4011 1190 4117 irlerpreppsrpp
1207 4012 1329 4116 :Kedsiui
1349 4067 1371 4118 G
1393 4081 1495 4117 arcesso
1517 4067 1633 4117 arcessiri

347 4164 448 4202 accerso
465 4152 587 4203 necersiui
606 4152 632 4201 B
719 4152 783 4205 Sall.
800 4152 857 4203 luat.
877 4153 935 4204 171
950 4169 978 4217 p.
997 4151 1033 4203 99
1047 4152 1096 4206 Kr.
1166 4154 1200 4202 2¹2
1216 4150 1392 4217 historiemm]
1410 4168 1426 4200 r
1442 4152 1570 4203 istoraalt

348 4238 476 4355 domitium
496 4288 535 4339 m
557 4290 696 4353 domqtium
715 4290 744 4339 H
765 4290 903 4341 domicium
922 4290 970 4340 ut
994 4288 1168 4350 domicilium,
1192 4291 1218 4339 ie
1232 4304 1279 4354 svp.
1296 4289 1338 4339 uel
1357 4288 1491 4339 domitium
1508 4289 1537 4338 K
1602 4290 1634 4340 23

347 4440 411 4489 quos
429 4425 457 4475 K
542 4386 675 4490 aicedsiuit
695 4428 716 4479 G
799 4436 858 4491 post
880 4429 1027 4480 arcessiuit:
1053 4428 1121 4479 idem
1139 4454 1173 4462 —
1191 4428 1323 4479 arcessiuit
1345 4442 1390 4477 ona
1409 4428 1457 4478 BG
1474 4428 1536 4482 add.
1555 4445 1571 4476 r

346 4512 412 4566 Sall.
431 4512 488 4567 lua.
507 4514 529 4563 ll
548 4516 582 4567 94
595 4531 623 4578 p.
646 4514 697 4567 199
705 4514 755 4564 Kr.
827 4518 860 4565 24
873 4524 969 4566 mutum
980 4516 1032 4565 LK
1100 4516 1150 4569 Cic.
1161 4532 1211 4579 pre
1222 4516 1297 4569 Ilaec.
1310 4517 1396 4567 Amer.
1409 4530 1448 4563 or.
1459 4514 1503 4574 28,
1514 4515 1549 4566 76
1603 4515 1634 4563 et

347 4600 457 4662 aliquem
480 4606 523 4649 aut
546 4602 645 4665 quando
666 4602 687 4651 L
706 4598 831 4675 llarrrart.b
850 4614 902 4650 ercan
921 4602 972 4651 Cle.
989 4604 1084 4655 Par-,l
1111 4604 1222 4667 aliquem
1240 4613 1266 4654 at
1283 4603 1385 4666 quaudo
1408 4603 1447 4651 ael
1463 4600 1574 4664 aliquem
1591 4601 1634 4650 nli-

347 4690 448 4752 qundo
466 4686 518 4751 (alc
536 4688 676 4753 auersere.)
694 4688 767 4741 codd.
788 4688 839 4741 Cic.
858 4695 886 4740 ut
902 4688 952 4741 vid.
970 4690 1026 4738 rell.
1044 4706 1127 4741 armies
1190 4688 1225 4741 29
1237 4688 1346 4755 Probus]
1359 4690 1481 4753 Beryti&
1498 4692 1552 4740 scil.
1570 4708 1592 4741 a.
1606 4688 1634 4739 0.

345 4775 459 4826 raanan
476 4776 512 4825 ad
528 4775 602 4826 Pera.
617 4778 730 4841 prolepp.
748 4790 775 4839 p.
794 4774 925 4827 CXXXIX
941 4778 997 4829 roll.
1016 4792 1074 4825 aaa.
1094 4776 1131 4825 ad
1145 4776 1187 4827 lid.
1207 4778 1229 4827 V
1247 4778 1263 4839 S
1280 4778 1323 4827 45.
1343 4777 1380 4825 ad
1394 4777 1515 4827 laetiorem
1532 4776 1635 4827 pratu

289 4908 294 4927 ,
345 4863 369 4913 lt.
389 4866 407 4917 l.
427 4862 509 4926 refert
526 4860 642 4913 Oroanna
658 4864 743 4915 Beitr.
759 4865 781 4913 ll
799 4864 848 4913 211
921 4860 1091 4911 aurinand
