3600 5584
655 393 770 458 LIBER
792 395 828 458 tl
842 401 877 461 'll
885 403 969 460 -19
1399 395 1462 460 263
1496 413 1516 454 s

210 525 234 566 p.
250 479 296 552 iu.
314 511 338 550 ra
353 511 376 552 r.
1243 525 1264 564 ρ.
1279 512 1327 553 am.
1342 512 1368 553 n
1381 511 1409 554 u.

161 583 262 646 libro
289 583 321 644 l:
369 582 432 644 ubi
459 591 541 644 ernt
567 583 690 644 vinum
720 583 757 642 in
786 601 914 645 mensa
941 583 1109 663 positum
1136 590 1199 644 ant
1224 583 1369 660 galeola
1397 593 1461 646 aut

162 685 293 747 sinum.
338 685 524 764 Virgilius
544 685 574 746 iu
593 682 784 746 bucolico:

331 787 460 849 Sinum
482 787 595 850 lactis
612 787 753 848 ethaeo
775 793 811 847 te
832 784 929 858 liba,
947 783 1099 865 Priape,
1127 794 1216 865 quot
1240 787 1358 848 annis

165 890 217 950 sed
237 890 294 951 hoc
315 890 403 950 etiam
425 889 589 956 masculino
612 889 729 968 qnidam
746 887 939 968 protuleramt
985 871 1139 948 Plautus
1158 887 1188 946 in
1211 887 1458 951 Curculione:

137 1012 151 1052 s
479 991 540 1052 hic
563 1009 642 1051 cum
662 990 746 1051 vino
776 991 881 1052 sinus
904 990 1036 1051 fertur.

164 1096 242 1154 torte
261 1093 350 1172 igitur
365 1091 453 1154 etiam
474 1089 673 1174 dillerenlltiae
698 1109 786 1152 causa
805 1092 862 1154 hoc
884 1091 1041 1163 secrmdae,
1062 1089 1134 1150 illud
1155 1098 1276 1167 quartae
1296 1092 1459 1154 declinave-

162 1203 241 1256 runt
293 1195 422 1256 ‘currus'
442 1193 576 1254 similiter
596 1194 753 1274 excipitur,
780 1194 859 1272 qnod
881 1200 1002 1272 quartae
1020 1199 1067 1252 est
1087 1191 1306 1267 declinationis,
1338 1201 1461 1254 utente

163 1296 329 1358 docmmus.
384 1305 413 1357 et
436 1314 595 1376 possumus
617 1315 676 1356 non
699 1295 917 1358 inverisimilem
939 1295 976 1355 dc
998 1294 1046 1354 liis
1070 1292 1208 1354 omnibus
1233 1295 1394 1368 rationem,
1429 1304 1462 1357 ut

163 1399 302 1479 superius
320 1398 599 1472 demonstravimus,
623 1397 780 1460 reddentes
795 1395 908 1469 dicere,
930 1395 1010 1474 quod
1028 1415 1078 1468 ea,
1097 1412 1174 1472 qme
1196 1415 1212 1456 a
1235 1397 1397 1478 participiis
1411 1398 1463 1458 de·

129 1521 152 1560 n
165 1501 298 1562 risanmr
315 1500 346 1560 in
368 1503 428 1562 ‘us’
452 1499 631 1575 desinentia,
655 1500 681 1561 si
701 1500 761 1562 sint
781 1501 853 1572 lixa,
881 1504 1002 1576 quartae
1020 1505 1104 1558 sunt:
1129 1491 1135 1578 Ι
1161 1487 1307 1576 ‘portatus
1333 1501 1461 1579 portus’,

165 1604 292 1664 ‘artauss
314 1603 417 1678 aruis',
443 1603 593 1664 ‘arcuatus
615 1607 726 1676 arcns’,
748 1601 915 1680 ‘laqueatus
934 1600 1040 1673 lacus',
1063 1601 1181 1660 ‘astruis
1195 1606 1290 1674 acns',
1314 1599 1462 1662 ‘sineretur

164 1704 270 1766 sinns'.
332 1723 349 1764 a
382 1723 471 1766 cursu
501 1723 617 1786 quoque
647 1705 692 1765 vel
712 1707 812 1766 ‘curro
834 1705 962 1776 currus',
989 1721 1134 1781 agressu
1158 1702 1202 1762 vol
1224 1703 1355 1781 ‘gradior
1391 1721 1458 1782 gra-

166 1803 251 1866 dus’.
303 1806 376 1867 adeo
406 1813 503 1868 autem
537 1809 672 1887 cognatio
699 1813 746 1868 est
772 1823 876 1868 currus
907 1803 945 1865 ad
979 1823 1116 1879 cineum,
1150 1804 1231 1884 quod
1258 1804 1461 1866 diminutivum
1480 1813 1514 1866 79
1614 1855 1620 1864 .

165 1927 220 1987 pro
243 1927 333 1970 cursu
355 1909 505 1990 accipitur.
550 1911 706 1976 ,Cicero
735 1927 790 1988 pro
810 1906 1013 1968 llaroello:
1063 1925 1132 1968 nec
1163 1903 1459 1968 lasesseduc'e-

133 2009 266 2084 rebam,
289 2012 431 2072 versari
453 2013 563 2075 mein
584 2021 716 2074 nostro
740 2017 869 2071 vetere
897 2007 1102 2070 curriculo.
1147 2011 1295 2086 quomodo
1313 2010 1418 2088 igitur,
1437 2009 1462 2068 si

168 2121 270 2174 essent
292 2113 454 2195 participiis
467 2115 582 2189 similia,
605 2117 661 2176 lixa
685 2121 805 2194 quartae
819 2113 1023 2193 proferrentur
1036 2111 1252 2186 declinationis,
1275 2111 1352 2172 sicut
1364 2110 1463 2172 omnia

167 2232 243 2291 quae
265 2213 370 2276 similia
393 2223 462 2277 sunt
483 2215 644 2297 participiis
665 2235 724 2276 uon
746 2215 880 2288 mobilia,
907 2213 950 2276 sic
976 2213 1065 2274 etiam
1089 2233 1143 2296 per
1164 2232 1325 2294 syncopam
1349 2212 1463 2294 prolata

169 2315 212 2376 rel
235 2318 396 2379 mutatione
419 2319 645 2380 consonantium
667 2325 735 2380 ante
757 2319 818 2381 ‘us'
841 2317 1005 2397 positarum
1024 2318 1147 2378 eandem
1171 2325 1270 2377 tamen
1293 2313 1465 2376 declinatio-

168 2437 235 2479 nem
259 2429 455 2481 servaverunt
501 2439 555 2480 nec
574 2421 681 2484 mirum
706 2421 735 2482 in
757 2419 927 2482 nominihus
948 2421 1005 2481 hoc
1027 2419 1107 2494 lieri,
1129 2437 1197 2480 cum
1213 2417 1301 2478 etiam
1320 2416 1465 2500 ipaapnr-

132 2541 156 2580 as
170 2521 267 2601 ticipia
287 2521 473 2584 inveniuntur
497 2529 542 2584 est
564 2523 681 2602 quando
700 2541 754 2604 per
771 2540 930 2600 syncopam
950 2519 1080 2600 prolato,
1109 2526 1142 2581 ut
1162 2522 1273 2600 ‘potus’
1297 2533 1351 2596 pro
1370 2516 1466 2594 ‘pota-

170 2627 240 2698 tus’,
268 2625 391 2686 ‘cretus’
415 2645 470 2706 pro
493 2628 644 2702 ‘creatus',
673 2624 794 2686 ‘dictus’
823 2641 877 2704 pro
905 2623 1068 2698 ‘dictatus',
1089 2621 1231 2684 ‘saueius’
1256 2639 1311 2702 pro
1339 2619 1466 2680 ‘saucia-

169 2727 239 2799 tus’,
270 2728 417 2788 ‘mineus'
446 2746 500 2806 pro
522 2729 711 2800 ‘tmincatus’,
740 2725 861 2788 ‘lassus'
884 2745 938 2806 pro
958 2725 1120 2788 lassatus&
1170 2721 1321 2784 ‘tonitrus’
1349 2737 1467 2800 quoque

170 2837 198 2886 et
217 2829 363 2904 ‘carnus’,
400 2828 516 2907 quando
538 2811 598 2890 sint
618 2827 797 2902 masculina,
828 2835 981 2903 notantur,
1016 2826 1095 2906 quod
1121 2831 1242 2903 quartae
1267 2829 1344 2885 sunt
1399 2839 1468 2882 nam

169 2918 343 3009 plerumque
377 2937 481 2992 neutra
515 2930 716 3004 inveniuntur,
754 2929 830 2990 ‘hoc
856 2929 995 3006 tonitrn’,
1031 2929 1106 2988 ‘hoc
1134 2927 1255 2998 oornn',
1298 2923 1468 3003 dequibus

171 3098 252 3164 ilique
271 3097 319 3150 Od.
340 3099 490 3150 Muellerum
561 3101 708 3151 lmensam
727 3097 786 3150 libri
794 3097 859 3152 Nom
922 3096 1031 3182 gallecia
1045 3098 1085 3148 llr
1103 3091 1314 3163 galeeolaillfla
1382 3095 1468 3143 lsinn

170 3243 196 3287 et
220 3252 283 3287 serm
308 3238 368 3291 libri
390 3237 457 3293 Noa.
549 3239 628 3302 Verp.
650 3239 695 3288 erl.
721 3239 747 3298 7,
766 3235 799 3288 33
887 3195 1002 3286 blicolieo
1020 3235 1045 3284 Α
1064 3233 1180 3284 bucolico
1197 3231 1226 3281 K
1241 3227 1308 3282 locri
1324 3229 1347 3281 G
1363 3229 1428 3278 buco
1445 3229 1469 3278 L

222 3305 291 3374 dte]
311 3309 349 3358 aie
366 3311 440 3360 etimn
462 3309 525 3361 Ver.
546 3308 592 3360 tibi
611 3307 658 3357 GL
747 3305 828 3358 libna
846 3301 904 3370 (ue)
922 3307 983 3356 Pal.
1053 3304 1145 3368 Priape
1165 3319 1182 3353 a
1199 3303 1246 3365 pla
1264 3301 1372 3366 quodam
1386 3301 1470 3348 anima

170 3445 239 3483 erae.
259 3432 284 3480 in
304 3431 333 3480 H
435 3426 599 3496 quotannis]
618 3428 653 3478 dle
674 3428 743 3491 quod
762 3429 836 3478 annis
855 3385 1046 3478 Dquotannis
1065 3423 1104 3473 lir
1173 3419 1325 3486 tqnidam]
1345 3437 1360 3470 r
1377 3436 1423 3473 orn.
1445 3422 1469 3470 L

171 3500 273 3562 quidem
292 3500 316 3550 u
387 3501 471 3548 Plani.
491 3499 566 3549 cure
586 3499 596 3547 l
617 3497 743 3562 1‚82(o.
763 3497 809 3560 82)
879 3496 1060 3564 gurgulione!
1135 3491 1151 3541 a
1174 3492 1286 3554 Leine,
1303 3491 1370 3541 unde
1384 3492 1471 3553 incipit

170 3585 258 3620 verm
271 3569 417 3628 lettiaua,
437 3569 532 3620 excidit
543 3577 602 3632 port
616 3568 768 3619 Curculione
838 3567 918 3618 lemur
934 3569 998 3616 torte
1016 3564 1094 3629 igitur
1111 3559 1141 3610 K
1163 3559 1243 3611 lentur
1260 3561 1334 3614 torte.
1351 3562 1429 3627 igitur
1448 3561 1470 3609 (ι’

237 3641 254 3693 ll
272 3638 425 3690 diserentiee
447 3639 471 3686 L
489 3638 644 3688 deferendae
662 3639 684 3689 G
753 3636 770 3688 8
788 3651 837 3686 non
857 3630 1061 3697 inverisimilem]
1079 3631 1134 3681 ΑΗ
1150 3647 1186 3680 ea:
1203 3647 1272 3682 eon.
1291 3645 1342 3680 non
1360 3630 1471 3683 inueniri

172 3709 281 3758 similem
300 3707 400 3759 uude
418 3714 444 3757 et
458 3707 512 3772 “ffl
526 3723 568 3770 pr.
596 3707 762 3758 uerisimilem
786 3705 819 3756 m
843 3715 869 3756 et
891 3709 916 3756 in
938 3721 985 3772 περ.
1008 3720 1024 3753 r
1047 3721 1177 3754 messem
1200 3699 1236 3770 (ri
1251 3699 1379 3764 inueniri)
1399 3699 1471 3748 simi-

172 3779 220 3828 lem
237 3777 268 3828 K
283 3797 326 3829 m
343 3776 451 3828 inueniri
469 3777 578 3828 similem
592 3775 707 3842 (non)B
775 3775 869 3839 iiquee
887 3791 917 3840 ee
935 3775 1079 3841 participiis
1096 3772 1135 3822 llr
1226 3771 1259 3822 10
1269 3785 1299 3820 ua
1316 3772 1342 3819 in
1359 3767 1470 3818 literali

221 3857 336 3914 portatus
355 3847 417 3898 add.
436 3863 452 3896 r
510 3855 625 3912 portatus
642 3845 742 3913 portus]
763 3862 798 3896 ee
816 3860 885 3898 corr.
906 3847 928 3896 G
948 3855 1039 3912 portus
1056 3848 1171 3909 portatus
1189 3840 1243 3891 LK
1259 3849 1284 3890 et
1302 3841 1324 3889 G
1340 3854 1381 3902 pr.
1437 3838 1467 3888 11

172 3925 266 3970 artatus
282 3916 365 3984 artus]
383 3933 418 3966 ex
432 3931 499 3985 corr.
515 3917 537 3967 G
554 3928 624 3967 artus
635 3925 730 3967 artatus
746 3914 812 3966 LKr
822 3923 845 3966 et
856 3915 877 3966 u
885 3931 930 3980 pr.
1002 3909 1173 3976 arenamque
1189 3912 1283 3962 arcitus
1291 3905 1473 3960 RADHGLK

1319 3972 1439 4015 curriculus

226 4038 258 4088 12
277 4053 354 4104 green
374 4038 421 4089 GL
494 4037 525 4090 13
539 4046 599 4101 post
615 4037 809 4087 diminutiuum:
829 4034 972 4085 curriculus
990 4033 1088 4084 adult
1106 4031 1304 4083 cnrrusBADG
1321 4043 1409 4080 currus
1427 4023 1472 4074 Klr

174 4123 261 4158 currus
279 4109 305 4158 id
325 4116 363 4158 est
383 4107 535 4160 curriculum
553 4109 582 4158 H
604 4123 693 4159 cnrrns
716 4106 857 4156 curriculus
874 4108 914 4154 uel
932 4119 1035 4163 currus,
1057 4101 1199 4153 crirricnius
1221 4100 1279 4150 edd.
1305 4109 1365 4150 aare
1386 4095 1471 4148 Κνώ-

173 4179 229 4226 limo
283 4178 316 4228 14
331 4178 442 4240 Cicprc
456 4175 585 4228 Marcello
603 4177 663 4238 1,2
714 4191 761 4226 nee
779 4173 830 4239 les]
857 4174 930 4224 netas
949 4191 964 4222 r
986 4188 1019 4223 ne
1036 4172 1076 4223 les
1093 4173 1119 4222 B
1173 4167 1472 4222 mussemutinae

176 4265 290 4318 nuncio.
358 4273 457 4354 uertere
472 4263 512 4315 Ra·
529 4267 607 4315 ueteri
623 4265 739 4329 plerique
757 4261 816 4313 libri
834 4263 886 4315 Gir.
960 4259 1087 4364 corniculo
1104 4274 1152 4324 pro
1171 4271 1257 4308 cursu.
1274 4256 1304 4305 11
1359 4253 1394 4305 16
1410 4267 1471 4318 pro·

175 4382 316 4450 ferrentur]
337 4385 384 4434 ruli
408 4383 580 4451 prolerrmtur
601 4385 632 4437 H
653 4383 815 4450 proferentur
836 4381 937 4432 RBAD
962 4338 1167 4446 prllerlrntan
1191 4375 1355 4441 proteruntur
1375 4373 1404 4423 K
1498 4391 1502 4400 ·

173 4453 249 4520 sieut]
267 4456 307 4504 sic
326 4455 350 4504 D
424 4455 539 4518 llquee
556 4469 639 4517 apam-
656 4457 683 4504 in
700 4451 728 4502 K
798 4452 942 4518 participiis
959 4449 1053 4500 similis
1072 4456 1131 4497 suut
1148 4447 1196 4497 GL
1264 4445 1370 4494 mobilia
1388 4450 1416 4490 ut
1433 4449 1472 4533 est

175 4577 245 4626 nisus
264 4575 303 4624 sic
321 4575 348 4624 B
428 4573 477 4642 sic]
496 4533 536 4639 sil]
548 4575 593 4625 Dd
602 4575 667 4624 sicut
677 4573 708 4625 H
760 4571 792 4624 18
805 4571 969 4622 mutationem
983 4577 1041 4620 ante
1053 4568 1079 4617 B
1132 4566 1165 4617 111
1175 4561 1332 4629 nominibus]
1342 4561 1373 4612 νὴ
1390 4565 1471 4613 omni-

174 4644 224 4696 bns
240 4645 322 4696 RBH
388 4643 444 4694 crissi
462 4645 490 4696 K
543 4644 711 4711 partitipiali
790 4642 873 4692 loesi
890 4639 991 4704 quaudo
1010 4637 1174 4688 inueniuntur
1190 4635 1206 4684 h
1223 4635 1263 4687 est
1280 4635 1383 4698 qnando
1398 4633 1471 4682 inne-

175 4713 315 4765 niunturK
365 4714 398 4764 21
419 4729 467 4782 pro
485 4715 584 4765 dicetne
600 4713 629 4762 K
678 4713 777 4766 sautius
797 4725 842 4777 pro
861 4709 1024 4760 sautiotnsD
1077 4706 1196 4756 22lesns
1212 4721 1259 4772 pro
1278 4705 1374 4754 lasntns
1395 4702 1419 4751 L

175 4835 295 4957 ueniti-qq
315 4833 426 4958 Latii
444 4833 635 4888 suntAGLKd
685 4789 951 4884 masculinaslntlil
1002 4829 1072 4895 qued
1087 4829 1237 4894 inliturnp
1288 4827 1474 4880 llinueninu·

176 4913 263 4957 turne
293 4919 321 4956 re
