3600 5584
730 379 939 442 PRAEFATIO
1408 399 1483 442 nrvu

187 573 250 636 rios
266 567 399 634 invenit
416 564 537 630 multos
557 564 752 649 eosdemque
774 563 892 650 partim
913 561 1107 644 acerrimos,
1126 561 1329 628 laudatorem
1347 564 1484 649 nullum,

187 679 359 760 patronum
389 689 492 732 unum
527 665 745 732 Rcinholdum
782 661 951 728 Klotnium
967 665 1011 727 ¹⁰⁸.
1060 685 1122 749 ego
1151 685 1235 751 quae
1262 665 1304 729 de
1339 665 1433 732 libris
1463 689 1483 731 a

189 771 325 839 Krehlio
346 771 391 835 ad
413 769 591 835 editionem
613 789 703 833 susm
723 765 880 831 adhibitis
904 766 1044 832 dicenda
1065 773 1174 847 erant,
1195 767 1404 852 supradixi,
1426 769 1484 833 ubi

189 883 274 942 recte
294 875 332 938 in
353 873 472 959 glossis
493 871 686 960 praesertim
706 889 772 934 non
794 869 866 934 sine
885 869 1036 933 acumine
1050 866 1250 953 indagandis
1271 875 1305 932 et
1319 869 1484 957 extirpan-

189 978 238 1042 dis
259 997 330 1040 rem
352 973 600 1040 administrasse
621 973 715 1036 visus
734 979 801 1053 est,
831 991 922 1051 eum,
948 971 998 1034 uti
1017 990 1080 1054 par
1097 978 1187 1049 erat,
1219 969 1484 1052 laudavi,.litem

190 1073 359 1145 intendere
389 1076 477 1158 seni,
508 1075 565 1162 qui
585 1072 668 1138 haec
691 1071 800 1136 studia
819 1070 878 1137 diu
898 1069 1047 1156 reliquit,
1078 1091 1140 1136 nec
1159 1071 1256 1136 dulce
1276 1073 1357 1138 mihi
1377 1073 1486 1140 visum

189 1186 238 1244 est
262 1199 325 1242 nec
350 1175 432 1242 utile
446 1175 490 1240 ¹⁰⁴.
538 1178 637 1240 immo
656 1175 780 1259 gratias
804 1173 836 1236 ei
857 1193 972 1257 agam,
1000 1173 1089 1260 quod
1112 1175 1184 1239 eius
1214 1195 1314 1262 opera
1335 1175 1486 1241 ellectum

191 1287 252 1360 est,
274 1287 311 1344 ut
334 1277 571 1343 Godofredi
594 1275 815 1341 Hermanni
836 1273 877 1338 de
898 1273 979 1339 locis
1000 1275 1126 1363 aliquot
1145 1276 1386 1342 difficilioribus
1414 1301 1487 1342 sen·

190 1381 292 1445 tentia
312 1401 388 1444 cum
410 1379 488 1446 orbe
505 1379 636 1444 literato
656 1377 960 1444 communicaretur.

271 1481 318 1546 At
339 1482 440 1547 multo
462 1483 568 1567 magis
596 1483 722 1568 gratiae
751 1481 792 1545 iis
814 1479 896 1544 viris
919 1478 1067 1563 agendae
1088 1489 1179 1564 sunt,
1208 1481 1266 1568 qui
1287 1480 1341 1547 vel
1370 1481 1487 1547 iisdem

191 1585 242 1650 vel
265 1583 430 1649 similibus
451 1583 570 1648 officiis
592 1585 627 1648 in
649 1605 746 1671 opere
765 1579 965 1670 perficiendo
987 1579 1153 1668 mihiipsi
1175 1583 1348 1649 affuerunt.
1392 1587 1488 1648 cuius

192 1685 391 1771 suscipiendi
418 1709 493 1750 cum
519 1694 599 1750 ante
617 1685 676 1750 hos
699 1684 853 1750 undecim
880 1704 984 1748 annos
1013 1683 1186 1749 consilium
1210 1686 1388 1771 agitarem,
1421 1689 1487 1774 pri-

191 1809 277 1851 mum
299 1787 478 1852 acerrimus
502 1807 617 1852 suasor
642 1786 723 1850 mihi
751 1785 862 1849 extitit
885 1783 1063 1848 Carolus
1085 1784 1385 1871 Lachmannus3
1417 1797 1488 1852 tum

192 1911 264 1954 cum
286 1898 412 1954 aestate
435 1889 513 1955 anni
538 1889 620 1953 1844
643 1887 685 1953 ad
706 1887 944 1952 conferendum
965 1885 1185 1950 bibliothecae
1207 1890 1373 1975 gymnasii
1400 1890 1487 1954 codi-

192 2011 259 2055 cem
296 1989 567 2056 Halberstadium
608 1989 816 2078 profecturus
851 2009 974 2071 essem,
1011 1987 1115 2052 literis
1144 1990 1424 2056 commendaticiis
1446 1991 1489 2055 ad

193 2091 399 2159 Theodorum
427 2093 629 2172 Schmidium
662 2090 748 2156 datis
771 2089 1006 2156 humanissime
1038 2111 1091 2154 me
1117 2091 1276 2157 instruxit
1307 2092 1488 2156 Ioannes

194 2193 432 2279 Schulsius,
469 2195 526 2282 qui
557 2193 666 2258 studia
691 2213 765 2256 mea
796 2213 1003 2280 peromnem
1024 2190 1112 2256 hunc
1132 2215 1291 2260 annornm
1314 2193 1488 2258 decursum

194 2298 274 2362 fovit
295 2307 346 2375 et,
369 2296 566 2384 ubicumque
589 2295 718 2361 occasio
740 2294 954 2377 offerebatur,
983 2293 1120 2362 adiuvit.
1164 2294 1268 2360 literis
1290 2305 1399 2361 autem
1421 2295 1488 2360 illis

192 2400 252 2466 viri
278 2399 399 2462 summi
419 2397 552 2462 traditis
574 2419 595 2462 a
617 2393 823 2462 Schmidio
844 2397 1043 2464 suavissimo
1063 2395 1206 2482 hospitio
1225 2405 1384 2482 exceptus
1404 2419 1488 2480 sum,

195 2503 285 2567 cuius
308 2500 530 2588 gratissimam
551 2499 740 2565 memoriam
764 2521 825 2563 nec
847 2500 970 2564 delevit
991 2509 1120 2586 tempus
1146 2519 1207 2564 nec
1227 2519 1383 2586 umquam
1405 2499 1490 2564 delc-

193 2603 250 2668 bit.
306 2623 493 2690 perennes
519 2600 639 2665 deinde
670 2603 769 2684 1845,
813 2603 910 2683 1846,
942 2601 1023 2665 1847
1057 2601 1191 2688 patris
1220 2599 1491 2666 dilectissimi

193 2704 351 2770 beneficio
372 2701 453 2768 mihi
475 2703 627 2787 contigit,
651 2711 688 2768 ut
709 2705 825 2768 itinere
845 2725 906 2790 per
926 2703 1155 2785 Germaniam,
1175 2701 1398 2785 Hollandiam,
1418 2703 1492 2768 Bel-

192 2809 295 2894 giam,
328 2804 488 2888 Galliam,
521 2803 668 2887 Italiam,
697 2805 844 2870 Siciliam
872 2814 1030 2893 suscepto
1056 2805 1358 2892 praestantissimas
1383 2814 1416 2870 et
1443 2805 1490 2871 di·

192 2909 337 2972 tissimas
352 2905 469 2972 harum
484 2915 645 2972 terrarum
662 2904 878 2971 bibliothecas
900 2907 1035 2972 adirem.
1081 2929 1219 2996 quarum
1238 2908 1398 2994 praefecti
1419 2908 1491 2973 ubi-

192 3012 242 3076 ris
264 3009 336 3074 fere
363 3029 491 3073 summa
516 3029 589 3074 cum
618 3007 817 3072 liberalitate
837 3009 1066 3074 thesaurorum
1092 3030 1224 3074 suorum
1245 3007 1491 3094 indagationem

195 3121 290 3198 atque
312 3132 411 3175 usum
432 3111 512 3176 mihi
536 3120 778 3176 concesserunt.
828 3112 952 3176 nemini
973 3121 1085 3176 tamen
1097 3111 1218 3178 horum
1233 3110 1341 3195 magis
1354 3109 1492 3175 obstric-

194 3224 261 3278 tum
295 3235 348 3278 me
377 3233 450 3277 esse
479 3212 635 3278 confiteor
662 3233 759 3298 quam
790 3211 941 3279 Iacobo
963 3213 1109 3278 Geelio
1135 3222 1168 3276 et
1189 3210 1337 3276 Oarolo
1361 3208 1491 3274 Bene-

196 3316 306 3381 dicto
324 3314 475 3398 fissio,
498 3315 555 3403 qui
576 3335 641 3402 qua
661 3315 813 3379 comitate
834 3337 887 3379 me
909 3314 1117 3402 exceperint,
1140 3320 1341 3400 quantopere
1362 3311 1491 3376 labores

194 3441 280 3484 meos
304 3417 530 3501 sustentarint,
553 3417 618 3496 iam
640 3415 714 3504 plus
730 3417 830 3481 semel
851 3425 945 3502 grato
966 3419 1076 3481 annno
1095 3415 1227 3504 publice
1238 3421 1381 3489 *testatus
1409 3433 1491 3496 sum,

196 3521 315 3586 debitis
349 3519 503 3584 laudibus
531 3517 720 3608 praedicare
746 3541 813 3584 non
838 3517 944 3583 valeo.
1002 3539 1068 3605 quo
1093 3518 1190 3583 modo
1218 3514 1338 3580 deinde
1363 3523 1493 3602 praeter

195 3623 439 3688 Raumerum
460 3619 926 3703 etProkeschium„viros
945 3618 1251 3700 excellentissimos,
1271 3615 1491 3699 Baehrius,

194 3724 466 3812 Bernaysius,
491 3721 787 3806 Bethmannus,
810 3720 1033 3804 Brunnius,
1056 3719 1261 3802 Halmius,
1280 3717 1493 3783 Heimsoe·
1532 3785 1540 3796 ,

195 3827 325 3908 thius,
355 3823 548 3906 Heinius,
572 3822 750 3906 Keilius,
775 3822 1089 3914 Linsmayerus,
1115 3819 1369 3902 Presselius,
1394 3819 1492 3883 Rib-

196 3927 387 4008 beckius,
403 3923 668 3990 Ritschelius
688 3922 782 3989 libris
798 3946 875 3988 mss.
894 3924 1128 4011 procurandis,
1151 3921 1369 4002 conferendis,
1391 3918 1491 4006 inspi-

196 4027 320 4092 ciendis
342 4025 476 4091 sibime
500 4024 724 4104 devinxerint,
742 4024 778 4088 id
801 4045 900 4113 supra
922 4024 1103 4089 indicatum
1125 4034 1186 4088 est.
1360 4017 1366 4024 ’

278 4127 333 4192 Ita
354 4127 544 4212 largissima
571 4125 614 4190 ad
633 4124 838 4190 Priscianum
866 4126 1105 4191 recensendum
1134 4121 1335 4212 supellectile
1362 4119 1492 4207 praedi·

195 4239 246 4295 tus
272 4229 309 4294 id
330 4239 443 4295 tamen
468 4229 502 4291 in
524 4229 610 4293 votis
633 4226 814 4311 habebam,
840 4237 876 4293 ut
897 4226 1041 4292 editione
1067 4247 1142 4291 mea
1161 4227 1243 4291 viris
1269 4223 1374 4288 doctis
1397 4219 1494 4286 simul

196 4333 235 4397 de
257 4353 309 4415 ea,
334 4351 401 4418 qua
419 4330 491 4416 ipse
511 4327 701 4399 Priscianus
722 4351 803 4394 usus
826 4337 924 4411 esset,
946 4327 1103 4394 librorum
1123 4349 1210 4415 penu
1232 4325 1348 4390 iudicii
1366 4321 1496 4388 terendi

195 4433 386 4498 facultatem
409 4430 611 4518 praeberem.
667 4430 877 4517 quamobrem
904 4430 992 4502 locos
1021 4430 1216 4517 scriptorum
1244 4427 1286 4491 ab
1314 4447 1353 4492 eo
1376 4425 1494 4489 allatos

195 4555 268 4600 cum
297 4535 381 4621 ipsis
403 4553 515 4598 eorum
541 4531 635 4598 libris
658 4553 735 4598 mss.
759 4531 957 4618 ubicumque
979 4531 1101 4597 licebat
1120 4531 1169 4596 ita
1189 4527 1340 4596 conferre
1354 4526 1493 4608 institui,

194 4729 246 4772 tare
264 4722 359 4772 studet.
397 4737 444 4774 uec
466 4725 555 4774 variae
571 4723 694 4774 lectiones
712 4735 728 4771 a
746 4737 850 4773 censore
870 4723 904 4773 ad
922 4721 967 4772 lib.
985 4721 1022 4772 Vl
1040 4723 1057 4784 ς
1073 4721 1109 4774 20
1125 4722 1219 4773 allatae
1235 4735 1262 4774 u.
1281 4719 1333 4772 235
1351 4733 1378 4784 p.
1397 4715 1451 4769 sta
1468 4717 1495 4764 in

90 4809 92 4814 ’
194 4809 332 4860 counione
349 4809 571 4861 Lindemanniana
589 4810 723 4860 adnotatae
740 4815 798 4860 snut
878 4807 930 4860 103
946 4823 972 4859 r.
990 4808 1087 4858 Archiv
1104 4807 1126 4862 l.
1144 4805 1289 4872 Philclcgie
1307 4805 1361 4854 und
1378 4803 1495 4868 Ps'sdcgo·

195 4896 238 4961 gib
254 4897 303 4946 vn
318 4896 373 4950 232
444 4895 494 4948 104
511 4895 545 4951 cl.
568 4911 633 4960 quse
649 4895 834 4947 humanissime
849 4894 917 4946 hanc
933 4896 960 4945 iu
978 4909 1032 4946 rem
1045 4894 1112 4945 dixit
1121 4893 1277 4960 Spengelius
1290 4891 1309 4941 Ι.
1323 4890 1341 4939 l.
1352 4887 1494 4954 neusse.
