3600 5584
367 387 426 446 tat
860 383 1045 448 PRlSCthI
1066 385 1162 448 tusa.

418 514 439 554 p.
455 500 501 540 Mil.
515 501 542 540 47
558 500 580 540 Ρ.
1441 516 1463 556 p.
1479 501 1527 544 437.
1541 503 1567 542 ³8
1578 502 1604 542 ll.

442 571 641 662 ⁸Encipiontur
660 571 767 644 ‘lero’,
789 569 904 645 ‘volo’,
928 573 1034 646 ‘edo',
1057 589 1131 650 qnae
1151 571 1334 652 inaequalem
1361 574 1471 634 hahent
1492 572 1647 634 declinatio-

365 694 449 746 nem,
472 681 505 734 ut
522 672 670 753 ‘luppiter
691 671 793 747 lovis’,
815 671 888 734 ‘iter
908 673 1020 734 itineris
1030 677 1051 749 ⁹,
1074 675 1182 736 ‘lemur
1204 673 1348 748 leminis’;
1371 674 1414 735 sic
1435 673 1523 734 etiam
1545 674 1573 734 in
1594 695 1646 736 ver-

302 821 308 834 .
366 777 427 850 bis,
453 782 486 836 nt
513 775 595 834 ‘lero
623 773 705 849 tuli’,
732 775 816 836 ‘volo
843 776 887 836 vis
910 774 998 849 vult',
1026 777 1099 837 ‘edo
1123 795 1154 836 es
1180 777 1253 850 est’,
1285 775 1322 835 de
1343 775 1449 853 qtrihus
1473 795 1533 836 non
1558 776 1640 836 incun-
1701 832 1704 845 ,

367 897 471 957 gruunt
494 897 560 938 esse
581 875 694 937 videtur
714 874 744 936 in
767 877 914 958 praesenti
937 894 1011 956 quae
1036 897 1192 958 possumus
1214 876 1426 938 rationabiliter
1448 885 1579 938 tractare.

451 979 563 1040 ‘Fero'
592 996 645 1056 per
669 977 883 1051 concisionem,
911 978 939 1038 id
962 985 1005 1040 est
1035 997 1199 1059 syncopen,
1221 979 1229 1039 i
1250 977 1350 1038 literae
1371 977 1532 1040 secundam
1553 987 1579 1038 et
1599 987 1666 1041 ter-s
1748 979 1749 1070 ζ

366 1083 435 1143 tiam
458 1080 527 1141 lacit
545 1099 717 1160 personam:
741 1081 821 1141 ‘lero
842 1081 902 1141 fers
925 1081 996 1142 lert’
1021 1099 1073 1160 pro
1098 1080 1187 1142 ‘seris
1206 1081 1301 1154 terit',
1331 1079 1409 1157 quod
1434 1087 1506 1159 puto
1526 1079 1645 1140 differen-

365 1185 422 1244 tiae
444 1201 533 1246 causa
554 1163 638 1253 llari,¹
653 1200 706 1253 ne,
730 1181 757 1262 si·
777 1182 861 1244 ‘letis
883 1183 961 1244 lerit'
983 1183 1163 1256 diceremus,
1186 1188 1339 1263 putaretur
1360 1180 1396 1242 ab
1419 1201 1453 1240 eo
1478 1201 1559 1254 esse,
1581 1183 1646 1260 quod

365 1293 410 1346 est
432 1285 524 1345 ‘serio
544 1285 643 1358 leris',
666 1303 731 1344 cum
755 1283 833 1346 nulla
857 1285 1019 1366 scripturae
1041 1292 1121 1346 esset
1141 1283 1320 1358 differentia,
1344 1283 1646 1363 quamvis-temptum

365 1387 569 1467 syllabicorum
589 1393 676 1447 esset.
722 1385 779 1447 hoc
801 1395 898 1449 autem
920 1389 948 1448 in
972 1387 1069 1449 multis
1093 1385 1167 1448 solet
1187 1387 1249 1448 heri
1277 1385 1468 1458 dictionibus,
1493 1393 1525 1446 ut
1546 1392 1647 1464 praeter
1748 1461 1749 1464 Ἴ

366 1486 494 1566 regulam
522 1488 649 1548 habeant
671 1486 880 1550 declinationes
908 1491 951 1552 vel
974 1497 1112 1552 accentus
1134 1489 1313 1550 differentiae
1336 1507 1438 1560 causa,
1461 1495 1494 1548 ut
1516 1488 1677 1553 ‘cumauro
1748 1487 1749 1560 l

366 1589 516 1666 coningis'
542 1608 596 1670 pro
624 1590 796 1670 ‘coniungis
804 1593 825 1665 ’,
852 1608 889 1650 ne
918 1590 1035 1652 verbum
1062 1575 1181 1672 p'utetur
1209 1611 1292 1664 esse,
1327 1596 1355 1650 et
1380 1591 1536 1650 ‘nostras’
1562 1589 1647 1649 ultima

245 1699 257 1722 ‘
365 1689 549 1750 circumflexa
579 1692 695 1769 quando
722 1699 767 1752 est
793 1692 988 1754 nominativus
1014 1691 1170 1771 singularis
1187 1693 1236 1754 'ad
1261 1692 1452 1753 differentiam
1472 1690 1589 1770 pluralis
1607 1711 1648 1750 ar·
1748 1691 1749 1756 l

366 1790 495 1852 cusativi.
540 1791 663 1872 pluralia
692 1813 782 1874 supra
808 1794 877 1856 dicti
904 1795 983 1856 verbi
1012 1795 1041 1856 in
1064 1794 1158 1874 prima
1180 1802 1208 1854 et
1236 1795 1320 1855 tertia
1343 1811 1469 1873 persona
1492 1793 1648 1874 solcundum

365 1893 508 1954 rationem
539 1895 641 1956 tertiae
672 1896 884 1976 coniugationis
907 1897 1112 1977 proteruntur:
1142 1894 1280 1957 ‘ierimus
1310 1896 1435 1968 lerunt’,
1469 1895 1500 1956 in
1534 1895 1647 1955 secunda
1748 1883 1749 1904 ¹

364 2013 433 2054 vero
452 2015 507 2074 per
528 1997 740 2058 concisionem:
763 1998 882 2058 ‘fertis'
905 2017 958 2077 pro
975 1997 1103 2058 ‘ieritist
1125 1997 1153 2057 in
1175 1997 1332 2077 praeterito
1354 2014 1470 2076 quoque
1491 1995 1647 2076 imperfecto
1660 2009 1677 2047 ¹⁵
1748 2051 1749 2068 ,

366 2103 396 2155 et
416 2096 446 2156 in
466 2096 563 2163 tauro
586 2097 715 2176 regulam
738 2105 834 2161 servat
856 2098 962 2178 tertiae,
983 2099 1210 2178 coniugationis:
1235 2097 1382 2159 ‘ferebam
1406 2099 1498 2158 leram
1520 2099 1593 2158 teres
1613 2099 1648 2157 le·

365 2199 436 2259 ret’.
480 2197 511 2258 iu
538 2199 673 2262 omuibus
701 2191 817 2280 qaoqtie
838 2201 903 2261 aliis
926 2201 1020 2263 modis
1043 2209 1139 2262 servat
1162 2199 1305 2260 rationem
1326 2198 1456 2260 eiusdem
1482 2200 1649 2278 coniugatio-

366 2299 431 2375 uis,
458 2300 587 2381 exceptis
609 2301 686 2378 illis,
708 2321 783 2381 quae
804 2303 900 2365 solent
921 2322 936 2364 a
959 2301 1089 2365 secunda
1109 2321 1232 2382 persona
1254 2302 1345 2363 nasci.
1373 2301 1409 2362 'in
1434 2302 1479 2363 his
1500 2303 1574 2363 euim
1594 2322 1648 2363 ser-

366 2409 414 2462 rat
433 2402 565 2465 eiusdem
585 2423 729 2485 personae
752 2404 967 2478 concisionem,
989 2413 1020 2466 ot
1035 2401 1049 2489 ll
1064 2405 1142 2466 ‘fers
1166 2405 1209 2465 ler
1236 2406 1309 2465 terte
1332 2404 1406 2463 tarto
1428 2404 1533 2464 fertote
1553 2407 1647 2465 ternu

367 2503 470 2563 lerre’.
515 2523 582 2564 nam
610 2523 685 2583 qttae
707 2526 723 2565 a
748 2506 840 2586 prim
863 2525 990 2587 pomona
1014 2507 1159 2586 accipiunt
1182 2505 1328 2584 regulam,
1358 2513 1469 2568 rectam
1493 2505 1678 2566 declinatio-u

244 2686 249 2693 ⁹
366 2623 434 2665 nem
455 2613 632 2684 sequuntur:
655 2608 737 2668 ‘lero
759 2608 888 2668 ferebant
910 2609 1030 2668 leram’.

333 2725 351 2776 o
452 2707 475 2766 t
502 2707 605 2768 ‘volo'
634 2725 750 2785 quoquo
776 2709 935 2770 secundam
956 2728 1112 2790 personam
1141 2727 1194 2789 per
1215 2708 1413 2770 concisionem
1440 2707 1649 2770 lconsouantis

366 2816 395 2868 et
415 2808 603 2868 mutationem
624 2827 642 2866 o
664 2809 693 2868 in
714 2830 733 2870 e
755 2817 785 2870 ct
804 2810 996 2872 adiectionem
1023 2811 1070 2872 ‘is’
1096 2829 1148 2890 per
1168 2810 1381 2891 diphthongum
1402 2807 1648 2890 proterebanlan-

336 3073 344 3089 ,
366 3019 412 3072 tea
434 3018 639 3074 converterunt
660 3032 742 3074 more
763 3013 893 3077 lloeotio.
939 3023 967 3075 et
990 3034 1147 3095 possumus
1175 3015 1205 3076 in
1224 3015 1280 3076 hoc
1305 3033 1422 3094 quoque
1446 3013 1558 3086 dicere,
1579 3013 1677 3090 quoda

366 3113 397 3174 in
421 3113 502 3173 ‘lero
524 3114 604 3175 lers’
635 3116 722 3177 verbo
749 3117 890 3191 dinmus,
919 3114 1100 3178 differentiae
1129 3136 1217 3178 causa
1240 3117 1297 3180 hoc
1319 3137 1385 3180 esse
1408 3119 1533 3187 lactan,
1558 3131 1608 3184 ne,
1627 3113 1648 3173 si

365 3214 474 3274 ‘volis’
504 3215 664 3291 diceretur,
694 3216 805 3279 dativus
834 3224 863 3277 et
888 3216 1031 3278 ablativus
1062 3217 1182 3298 pluralis
1209 3219 1364 3280 existimari
1395 3223 1498 3298 posset
1523 3214 1649 3285 nominis,

365 3316 443 3394 qttod
467 3325 513 3378 est
536 3319 647 3393 ‘vola’,
671 3319 714 3379 vol
738 3318 868 3398 quoa-tn
892 3311 1017 3382 Graecis
1028 3319 1204 3382 dictionibus
1226 3319 1397 3400 plenamque
1417 3319 1512 3381 Latini
1533 3317 1650 3397 gauden-

367 3428 411 3480 tes
437 3419 576 3482 brevitate
603 3421 714 3483 iaciunt
739 3421 938 3496 concisiones,
968 3429 999 3482 ut
1024 3422 1055 3482 in
1078 3422 1213 3484 vocativis
1239 3421 1268 3482 iu
1290 3421 1351 3482 ‘ie’
1378 3419 1579 3482 desinentibus
1599 3427 1649 3479 mm

452 3624 466 3676 l
495 3625 543 3678 edo
567 3624 628 3677 uolo
653 3625 680 3675 B
766 3629 783 3678 2
811 3627 905 3693 iupiter
931 3627 955 3676 D
1050 3627 1152 3678 iteneris
1181 3627 1257 3680 GLK
1283 3601 1354 3676 itioris
1379 3625 1405 3676 B
1497 3623 1595 3674 loemur
1614 3622 1648 3702 [e-

364 3692 488 3768 minis'H
568 3695 717 3762 dingruum
735 3696 765 3747 K
861 3697 996 3748 tuldetnr
1015 3711 1071 3748 esse
1093 3697 1115 3748 L
1214 3693 1360 3764 possumus]
1382 3693 1588 3760 dpossimusll

364 3771 545 3866 statilianam
564 3815 602 3866 nr
689 3824 786 3882 estper
802 3815 976 3884 syrtoopeuB
1074 3813 1165 3882 biert]
1186 3818 1195 3866 l
1210 3817 1261 3869 lert
1279 3818 1303 3866 L
1405 3773 1497 3865 'leuba
1513 3813 1555 3864 Bb
1635 3814 1649 3862 t

364 3883 429 3934 terto
447 3883 509 3934 teris
527 3885 586 3934 ierit
602 3901 660 3936 eum
669 3886 776 3938 BGLK
843 3887 927 3938 nullus
943 3887 1125 3968 scripturales(
1193 3901 1251 3938 esse
1265 3887 1315 3937 BD
1403 3880 1648 3949 tlsyllabicoromlr

363 4002 560 4069 syllabarumlt
632 3977 700 4056 ¹solet
718 4007 744 4055 in
760 4006 846 4056 multis
861 4007 917 4058 lleri
933 4007 959 4057 B
1011 3981 1063 4059 '10
1080 4006 1122 4058 uel
1138 4017 1255 4058 accentus
1272 4006 1351 4058 uelrl
1428 4006 1458 4056 ll
1478 4021 1525 4071 pro
1542 3969 1648 4070 contai'gts

362 4125 402 4176 llr
471 4127 638 4191 putaretorO
717 4127 749 4177 12
766 4086 930 4177 nominatiuis
949 4128 990 4177 lld
1066 4134 1124 4190 post
1142 4127 1280 4176 acmmtlui
1298 4131 1323 4177 tu
1339 4143 1386 4192 sap.
1408 4142 1423 4176 a
1441 4109 1489 4176 ιιῖἱ
1503 4125 1648 4175 nominatim

363 4195 487 4261 singulari
504 4195 565 4245 odd.
585 4211 601 4242 r
671 4193 703 4247 tt
724 4207 749 4245 et
768 4198 794 4246 in
811 4199 924 4248 tertiat}
1002 4197 1032 4247 15
1052 4211 1113 4246 uero
1132 4211 1241 4262 persona
1258 4212 1303 4263 per
1321 4197 1347 4247 B
1420 4209 1468 4262 per
1484 4197 1647 4246 concisionem

361 4280 409 4339 per
427 4265 604 4336 concisionem
616 4263 640 4313 L
708 4281 755 4332 pro
774 4265 856 4316 ieritis
872 4283 919 4322 om.
938 4267 960 4318 Β
976 4267 1037 4319 add.
1059 4283 1073 4315 r
1143 4280 1243 4330 quoque
1259 4266 1371 4333 perlecto
1389 4265 1413 4318 Β
1486 4267 1518 4318 ld
1533 4263 1649 4328 luturolr

365 4401 511 4452 luturarnll
581 4403 613 4452 17
633 4353 759 4453 serualur
829 4403 861 4453 18
878 4401 931 4451 illis
940 4421 1012 4456 sasas
1025 4399 1103 4467 (illis)
1117 4403 1141 4452 L
1201 4419 1309 4470 persona
1326 4403 1442 4466 apemd
1510 4360 1649 4470 paradisiaci

364 4471 403 4522 nr
480 4473 514 4524 to
532 4481 560 4522 ut
575 4487 622 4522 ora.
642 4474 667 4521 Β
745 4472 835 4522 lertote
851 4487 898 4527 om,
918 4473 969 4524 ΒΒ
986 4474 1048 4524 add.
1065 4491 1080 4521 r
1162 4473 1197 4525 20
1215 4469 1320 4537 recum]
1340 4491 1355 4521 r
1372 4473 1482 4525 reetall
1566 4476 1597 4525 21
1615 4487 1650 4522 se·

365 4539 486 4606 quantur]
501 4558 517 4590 r
534 4551 653 4593 secuntur
667 4541 746 4592 ΒΒΗ
759 4550 881 4648 ιειιιιιιὲιιι
900 4542 929 4591 Κ
1015 4543 1093 4592 lerant
1119 4543 1179 4593 add.
1206 4560 1221 4592 r
1307 4546 1341 4594 22
1360 4539 1511 4607 secundam]
1529 4561 1544 4590 r
1568 4558 1649 4594 seouu

368 4661 468 4711 dumR
538 4661 571 4713 23
589 4661 728 4712 mutatione
743 4661 769 4711 B
838 4662 988 4725 eiectionem
1005 4663 1029 4712 Β
1100 4659 1133 4728 ts]
1152 4663 1193 4714 his
1211 4665 1235 4714 Β
1305 4663 1450 4729 proterebat
1467 4665 1493 4715 B
1563 4666 1596 4714 24
1609 4675 1649 4728 pro

365 4730 506 4781 nolouolis
526 4731 551 4781 L
637 4729 714 4796 volis]
733 4731 872 4782 rualirll
961 4733 1117 4800 dipthongon
1135 4733 1161 4783 B
1230 4735 1264 4786 25
1282 4747 1351 4783 more
1366 4733 1450 4783 bruelio
1469 4734 1580 4784 Bmore
1595 4747 1648 4797 poe-

365 4852 415 4900 tioo
435 4851 482 4901 GL
500 4859 526 4901 et
543 4851 695 4902 ialitwalt
763 4811 902 4902 dicerbllr
972 4853 1006 4904 26
1025 4854 1102 4905 uerbo
1119 4854 1205 4903 cuth
1277 4855 1309 4906 at
1329 4861 1353 4902 et
1371 4849 1509 4918 ablativos]
1528 4851 1569 4902 uel
1587 4851 1649 4902 abla-

364 4923 433 4974 tluau
451 4921 545 4972 nour
629 4922 664 4974 29
681 4922 797 4972 breuitati
815 4921 926 4972 auom

1748 2009 1749 2040 l

1748 2069 1749 2108 ι

367 2908 535 2987 liquissimi:
558 2910 643 2972 ‘volo
664 2913 741 2973 veis’
764 2932 818 2994 pro
840 2912 961 2985 ‘volis’,
982 2913 1032 2973 sod
1052 2915 1120 2975 ‘oi’
1143 2915 1357 2994 diphthongum
1377 2913 1407 2974 in
1430 2911 1438 2973 i
1461 2912 1576 2989 longam
1590 2930 1649 2990 pos
