3600 5584
730 371 939 436 PRAEFATIO
1390 395 1483 436 xxrrru

184 562 215 619 et
234 556 332 640 quasi
356 575 417 641 per
437 553 610 619 latrocinia
632 557 753 644 scripta
774 556 849 620 aliis
872 557 1111 644 subripientes,
1143 557 1242 622 unius
1268 557 1412 622 nominis
1439 558 1484 622 ad

184 652 313 719 titulum
342 657 539 742 pertinentis
567 656 704 722 infanda
731 661 929 742 mutatione,
964 661 1065 724 totius
1093 661 1201 745 operis
1228 660 1264 722 in
1286 682 1322 723 se
1343 659 1483 744 gloriam

184 756 363 822 transferre
390 765 597 822 conarentur’
626 769 824 846 conquestus
853 771 905 824 est
925 761 1117 826 Priscianus
1132 762 1176 824 ¹⁰⁸.
1236 761 1344 847 ipsum
1373 770 1482 824 autem

185 858 243 924 hoc
266 881 350 945 opus
374 858 528 924 ‘doctoris
549 861 640 924 urbis
667 861 1209 948 Romae‚Constantinopolitanae'
1231 884 1275 926 ex
1296 860 1417 927 scholis
1442 861 1483 927 de

182 968 251 1024 arte
279 961 495 1046 grammatica
523 961 565 1026 ab
594 984 632 1028 eo
660 962 784 1028 habitis
812 967 858 1029 ita
885 962 1070 1052 prolectam
1092 985 1165 1028 esse
1186 962 1344 1047 arbitror,
1378 973 1416 1028 ut
1443 985 1483 1027 ea

184 1082 266 1148 quae
289 1063 325 1125 in
343 1061 474 1126 schedis
495 1063 651 1128 adnotata
668 1064 804 1130 haberet
825 1073 1049 1152 componeret,
1082 1067 1308 1148 concinnaret,
1340 1064 1482 1151 explica·

184 1171 249 1244 ret,
277 1173 424 1248 augeret.
469 1164 588 1250 quibus
611 1166 751 1233 fortasse
778 1170 864 1232 inter
885 1165 1138 1232 describendum
1157 1165 1224 1230 alia
1242 1188 1286 1230 ex
1306 1167 1364 1248 iis,
1398 1187 1484 1253 quae

183 1285 241 1350 per
260 1263 389 1330 scholas
408 1286 428 1329 a
448 1265 619 1332 Prisciano
636 1269 767 1334 habitas
788 1269 933 1334 notando
953 1268 1031 1332 olim
1051 1277 1247 1332 consecutus
1274 1276 1363 1350 erat,
1392 1267 1483 1331 addi-

185 1365 233 1429 dit
262 1364 465 1433 Theodorus.
525 1369 572 1434 ita
606 1373 710 1436 oratio
747 1393 844 1458 saepe
881 1369 1150 1436 adnotationibus
1183 1380 1215 1434 et
1250 1368 1483 1434 additamentis

184 1467 288 1532 incisa
296 1517 305 1550 ,
329 1468 439 1555 qualia
460 1491 519 1536 nos
534 1471 570 1535 in
585 1472 758 1537 inferiores
776 1473 971 1560 paginarum
985 1472 1150 1556 margines
1165 1471 1308 1536 solemus
1321 1473 1483 1538 conicere.

184 1579 314 1655 praeter
331 1570 412 1636 haec
440 1581 550 1638 autem
567 1575 604 1638 in
625 1572 719 1638 libris
737 1575 859 1640 nostris
879 1573 969 1638 baud
990 1595 1066 1637 raro
1086 1572 1154 1636 alia
1173 1575 1368 1661 interposita
1392 1575 1483 1639 inve-

184 1671 337 1756 niantur,
368 1694 451 1759 qaae
480 1696 522 1738 ex
548 1677 772 1762 proximorum
800 1672 1005 1739 saeculorum
1032 1673 1152 1739 studiis
1179 1674 1378 1740 Priscianeis
1410 1685 1484 1740 orta

185 1770 357 1854 videntur,
382 1776 539 1840 orationis
560 1769 852 1863 interpretamenta
871 1785 906 1840 et
926 1775 1216 1863 amplificationes,
1249 1799 1347 1864 saepe
1368 1777 1423 1842 vel
1445 1798 1483 1841 eo

186 1872 474 1960 deprehendenda,
497 1876 585 1964 quod
604 1880 640 1942 in
660 1899 724 1942 uno
740 1877 886 1944 alterove
906 1877 1020 1942 codice
1034 1885 1093 1941 aut
1109 1879 1241 1943 omnino
1252 1881 1383 1943 ‚omissa
1396 1888 1482 1961 sunt,

187 1983 221 2038 ut
244 1975 280 2038 in
301 1977 484 2061 marginem
506 1978 695 2044 inferiorem
709 1981 795 2046 inter
816 1977 1045 2044 adnotationes
1065 2000 1105 2042 ea
1122 1980 1271 2044 conicere
1286 1979 1411 2062 liceret,
1426 1988 1484 2043 aut

186 2077 270 2140 inter
297 2075 403 2142 lineas
432 2078 546 2144 addita
577 2088 634 2144 aut
664 2087 831 2168 tamquam
851 2079 990 2165 ‘glosae'
1019 2087 1132 2145 notata
1150 2081 1323 2156 uncinisve
1344 2079 1483 2144 inclusa.

187 2177 266 2242 haec
288 2179 391 2263 igitur
412 2188 449 2244 ut
472 2202 493 2244 a
513 2177 666 2266 genuinis
683 2203 891 2267 segregarem
911 2167 1031 2246 uncis
1048 2182 1282 2270 quadratis,
1304 2181 1485 2247 adnotatio-

186 2301 243 2345 nes
265 2279 341 2345 illas
360 2283 478 2346 uncis
501 2282 686 2346 rotundis
708 2281 843 2365 induxi,
876 2281 964 2347 haud
986 2285 1137 2369 ignauis,
1173 2285 1283 2350 omnia
1306 2281 1390 2348 haec
1417 2291 1485 2347 tam

185 2381 312 2448 lubrica
331 2405 415 2465 esse,
437 2391 485 2467 ut,
505 2391 613 2448 utrum
628 2383 707 2470 quid
730 2384 833 2471 ipsius
852 2385 1011 2449 orationis
1023 2388 1129 2452 tenori
1143 2385 1354 2451 inserendum
1368 2385 1485 2448 ancir-

187 2483 468 2566 cumcludendum,
488 2493 626 2549 utruma
638 2485 807 2552 Prisciano
819 2487 931 2573 ctipso
938 2485 1061 2550 saeculi
1076 2490 1164 2553 sexti
1171 2487 1365 2553 scholastico
1372 2487 1485 2552 eiusve
1525 2549 1529 2556 .

189 2586 347 2674 discipulo
360 2587 541 2674 profectum
554 2609 598 2651 an
612 2609 632 2650 a
644 2589 812 2674 proximae
825 2588 943 2652 aetatis
957 2587 1146 2654 doctoribus
1160 2588 1374 2668 additumsit,
1388 2610 1486 2675 saepe

188 2711 285 2756 sensu
306 2691 414 2775 magis
436 2688 576 2776 quodam
598 2711 697 2775 quam
714 2689 807 2754 firmo
828 2688 1004 2776 stabilique
1024 2691 1148 2756 iudicio
1168 2691 1275 2777 possit
1296 2692 1450 2757 discerni.

271 2791 409 2856 Praeter
429 2790 568 2877 glossas,
592 2811 675 2876 quaa
693 2801 819 2857 mature
840 2793 876 2856 in
890 2792 965 2878 ipsa
984 2795 1153 2880 scriptoris
1170 2793 1273 2858 verba
1285 2794 1483 2881 irruperant,

190 2893 273 2958 aliae
294 2891 338 2956 ab
361 2891 413 2956 his
435 2893 583 2958 seclusae
606 2891 659 2958 vel
682 2893 891 2960 interlineas
913 2893 966 2960 vel
988 2895 1023 2958 in
1038 2894 1242 2980 marginibus
1264 2895 1412 2960 codicum
1435 2917 1484 2960 re·

191 3003 390 3060 manserunt.
435 3003 470 3058 at
488 2995 523 3058 in
541 2991 692 3060 omnibus
713 2995 783 3078 his,
815 3005 974 3082 quotquot
991 2997 1142 3084 inspexi,
1163 2999 1327 3082 genuinae
1347 2997 1485 3063 solidae·

190 3119 251 3184 que
276 3098 444 3163 doctrinae
472 3097 616 3182 vestigia
641 3119 801 3183 nusquam
822 3099 892 3164 fere
914 3107 1086 3185 apparent,
1121 3107 1158 3162 ut
1176 3100 1274 3183 nugis
1293 3098 1346 3164 his
1365 3099 1486 3164 librum

189 3223 245 3287 per
268 3222 303 3264 se
325 3200 406 3264 satis
430 3198 571 3285 spissum
594 3219 728 3264 onerare
748 3199 917 3266 noluerim.
960 3198 1077 3263 talium
1095 3197 1293 3264 scholiorum
1310 3220 1428 3288 corpus
1442 3220 1486 3262 ex

190 3300 487 3388 interpretamentis
510 3297 697 3385 Scotorum,
720 3299 867 3384 Donato,
890 3300 1022 3384 Servio,
1045 3299 1165 3383 Paulo,
1188 3299 1298 3384 Beda,
1320 3300 1397 3365 aliis
1410 3321 1485 3364 con·

190 3403 390 3468 sarcinatum
408 3403 442 3438 ¹⁰⁹
462 3409 553 3466 extat
572 3401 607 3466 in
629 3402 700 3469 cod.
724 3405 912 3468 monasterii
936 3403 1159 3469 Einsidlensis
1188 3425 1222 3466 n.
1244 3403 1285 3464 32
1313 3423 1398 3466 saec.
1420 3399 1484 3483 XI,

191 3505 341 3588 membr.,
361 3503 486 3570 formae
507 3511 571 3576 oct.
615 3512 685 3568 tum
706 3505 741 3568 in
764 3504 927 3591 quaedam
949 3505 1039 3570 dicta
1058 3504 1222 3569 Prisciani
1241 3501 1486 3568 commentario·

190 3604 255 3670 lam
282 3627 327 3670 ex
359 3603 530 3670 Scotorum
563 3603 738 3692 disciplina
765 3605 950 3692 profectum
978 3605 1132 3672 laudatur
1156 3614 1287 3671 auctore
1314 3603 1486 3670 Sedulio

191 3707 329 3798 Scoto,
360 3705 416 3794 qui
443 3705 566 3770 saeculi
587 3707 664 3770 noni
687 3707 781 3772 initio
804 3707 924 3774 dicitur
945 3710 1070 3775 vixisse
1082 3711 1127 3772 ¹¹⁰.
1183 3707 1339 3774 similium
1369 3707 1484 3772 Ioan-

191 3808 254 3872 nis
275 3808 389 3872 Scoti
411 3807 593 3874 studiorum
608 3811 798 3874 memoriam
821 3830 920 3896 supra
941 3834 974 3897 p.
996 3809 1104 3874 XIIII
1125 3811 1356 3876 excitavimus.

262 4016 312 4068 108
327 4031 369 4082 ep.
381 4015 416 4068 ad
427 4015 553 4066 lulianum
562 4015 605 4080 §3
659 4014 709 4067 109
720 4031 747 4070 v.
758 4017 834 4066 modo
848 4017 930 4072 schol.
938 4015 984 4068 lib.
998 4018 1021 4068 11
1029 4020 1056 4081 ς.
1066 4017 1101 4069 153
1113 4017 1183 4083 (cod.
1197 4033 1224 4083 p.
1236 4015 1297 4080 28):
1315 4015 1437 4066 ‘Lacuna
1451 4014 1489 4064 al-

192 4104 272 4154 titudo
281 4103 342 4153 tecti
352 4102 374 4152 li
386 4109 411 4152 et
423 4101 515 4152 lacuna
526 4101 558 4152 dr
569 4109 595 4151 et
607 4104 734 4154 contraria
746 4111 804 4154 sunt
816 4103 883 4154 lacui
893 4103 932 4154 sio
943 4105 1027 4154 scotti.
1051 4104 1143 4154 lacuna
1153 4105 1180 4153 ·i·
1191 4106 1224 4166 aq
1233 4120 1249 4155 a
1259 4104 1316 4152 lacu
1328 4081 1425 4152 diriuat’
1436 4104 1488 4164 qui

192 4189 236 4238 1111
248 4189 306 4240 lana
317 4187 363 4238 alti
375 4188 456 4238 lustri
465 4188 561 4238 dicum.
572 4189 610 4240 alc
619 4189 723 4254 paulus’
735 4187 773 4255 (p.
784 4190 841 4249 117,
851 4189 977 4253 8111111.)
1039 4189 1090 4241 110
1099 4205 1125 4239 v.
1135 4189 1271 4240 Baehrium
1281 4187 1372 4240 Gescb.
1384 4190 1410 4244 d.
1420 4191 1486 4239 rom.

192 4275 241 4326 Lit.
259 4279 294 4328 tm
313 4275 442 4341 tarutius.
459 4275 579 4327 zeitalter
595 4291 621 4342 p.
642 4273 694 4327 365
711 4291 750 4338 sq.
769 4273 827 4326 coll.
847 4275 1052 4328 tamenWattato
1066 4273 1134 4329 Gott.
1152 4274 1205 4340 gel.
1216 4275 1282 4325 aaz.
1303 4273 1368 4326 1841
1386 4290 1414 4341 p.
1424 4274 1487 4328 949.

192 4370 261 4412 extat
280 4362 330 4412 hoc
352 4361 588 4412 commentariolum
611 4363 638 4412 in
662 4360 816 4415 cod.·Leid.
842 4363 917 4415 Vasa.
941 4363 1012 4415 I'd'l
1028 4377 1062 4412 ex
1079 4361 1141 4412 bibl.
1159 4360 1282 4428 Scabing.
1301 4359 1419 4428 prolecto
1436 4360 1486 4426 (cl.

192 4447 336 4515 catalogum
354 4447 419 4502 btbl.
437 4447 511 4499 Leid.
531 4447 636 4513 saeptus
654 4449 672 4498 1.
690 4463 717 4514 p.
737 4447 812 4515 ³73).
847 4449 873 4498 in
900 4449 1041 4500 inventario
1064 4461 1165 4512 qnoque
1185 4447 1357 4498 bibliothecae
1378 4446 1489 4514 Sangal-

193 4531 269 4583 lemis
287 4549 312 4583 a.
333 4533 398 4586 14111
419 4535 490 4601 apud
507 4535 706 4586 Weidmanaam
725 4535 743 4588 l.
763 4551 786 4585 c.
805 4550 832 4601 p.
852 4537 903 4588 421
928 4536 1048 4586 laudatur
1066 4535 1136 4584 idem
1159 4535 1394 4586 commentariolum
1412 4535 1434 4582 Α
1453 4530 1488 4584 23

191 4635 221 4668 ac
237 4619 361 4670 schedula
379 4622 495 4673 eiusdem
514 4623 615 4674 titulum
633 4623 766 4672 continens
783 4621 944 4686 agglutinata
961 4630 1000 4672 est
1014 4627 1161 4687 tegumento
1178 4620 1236 4672 cod.
1248 4621 1334 4670 Tarte.
1352 4618 1490 4696 cassato

192 4703 235 4768 (cl.
254 4719 316 4757 ann.
335 4705 384 4770 23)
402 4723 436 4758 ex
454 4707 518 4764 bibl,
538 4707 700 4774 sangallensi
720 4705 843 4772 proiecti:
868 4709 955 4773 ipsum
978 4715 1063 4758 tamen
1086 4706 1203 4756 codicem
1219 4705 1378 4772 perlustrans
1396 4709 1423 4756 ta
1441 4705 1491 4755 hae

192 4791 345 4854 opusculum
364 4805 414 4842 aaa
432 4793 521 4844 incidi.
540 4821 552 4832 -
575 4795 650 4845 lloraa
668 4793 793 4845 Prisciani
817 4799 905 4842 serrat
924 4792 1041 4860 libellus,
1068 4792 1139 4856 quod
1162 4787 1322 4857 ‘scalprum’
1347 4793 1439 4841 dicitur
1463 4805 1490 4841 s.

192 4875 247 4926 aa
267 4875 332 4929 1111.
349 4875 422 4942 pust.
442 4875 559 4934 11111.
581 4879 631 4931 111
650 4865 759 4945 carnot.
779 4877 797 4930 1.
818 4893 845 4944 p.
865 4875 916 4930 111
933 4887 980 4928 eo.
