3600 5584
307 335 384 378 xnrsu
857 308 1068 374 PRAEFATIO

309 519 413 564 annos
437 503 647 584 procuratae,
675 502 712 558 ut
729 487 1077 582 primus'Benedictus
1099 491 1287 576 Brugnolus
1311 491 1456 579 aliquam
1479 513 1611 578 operam

310 600 346 664 in
365 595 578 662 emendandis
597 594 863 660 institutionibus
878 594 1029 682 posuisse
1049 594 1217 676 videatur,
1239 595 1296 680 qui
1311 615 1441 658 narsum
1462 592 1612 658 Venetiis

309 721 339 762 0.
371 697 509 760 148510
537 694 593 760 101.
622 694 786 760 Prisciani
815 717 913 782 opera
934 693 1040 760 edidit
1067 695 1247 781 eademque
1269 694 1383 760 addito
1404 694 1541 758 Ioannis
1571 695 1612 758 de

309 799 436 883 Aingre
465 797 697 862 commentario
722 801 861 861 ‘summo
887 795 996 862 studio
1024 804 1057 860 et
1085 797 1213 880 ingenti
1240 817 1321 860 cura
1346 795 1535 860 emendavit
1561 819 1610 861 re-

309 900 541 987 cognovitque’
556 921 586 963 a.
613 899 705 962 1488.
750 918 793 962 ex
815 897 877 962 bec
899 897 951 962 cd.
973 918 1011 960 ea
1029 919 1187 984 expressa
1209 897 1347 981 dicitur,
1370 919 1436 984 qua
1457 901 1509 964 uti
1529 899 1611 982 mibi

306 1000 418 1082 licuit,
441 1001 474 1084 3)
499 999 656 1064 Veneta
674 1021 704 1062 a.
723 998 895 1064 1111101.
919 997 968 1084 (3)
983 1006 1016 1061 01
1038 999 1249 1084 insequentes
1269 998 1463 1065 nonnullae:
1487 999 1523 1064 in
1541 1003 1611 1065 001-

307 1123 439 1168 versum
454 1097 535 1165 haec
556 1099 824 1186 haud‘longeab
847 1099 1087 1185 antiquioribus
1104 1099 1242 1164 Venetis
1263 1099 1398 1183 recedit,
1419 1099 1489 1164 alia
1505 1123 1612 1166 emen·

309 1202 402 1285 data,
425 1201 492 1266 alia
510 1201 736 1287 pessumdata,
764 1201 892 1266 Graeca
906 1201 1029 1286 passim
1047 1201 1167 1266 iterum
1186 1203 1309 1268 omissa
1327 1211 1414 1266 sunt.

396 1303 484 1384 Quid
504 1305 705 1391 praestiterit
721 1300 841 1368 deinde
860 1299 912 1364 ed.
933 1300 1195 1367 Mediolanensis
1216 1324 1246 1365 a.
1271 1305 1352 1367 1503
1373 1301 1526 1391 equidem
1540 1324 1613 1368 nes-

309 1406 369 1470 cio.
393 1403 541 1470 Venetae
564 1427 643 1470 vcro
664 1427 693 1470 a.
712 1405 793 1469 1509
815 1401 993 1466 secundum
1011 1425 1059 1482 ea,
1080 1425 1164 1491 quae
1186 1401 1227 1466 de
1247 1400 1310 1466 hac
1330 1401 1474 1469 editione
1492 1426 1613 1470 memo·

307 1509 376 1572 riae
398 1505 522 1570 tradita
548 1513 640 1588 sunt,
672 1507 753 1593 quin
778 1502 909 1568 fidelem
930 1504 1107 1589 imaginem
1129 1503 1245 1569 reddat
1267 1504 1301 1590 4)
1320 1502 1612 1571 Μο11010000-

312 1609 370 1672 010
392 1629 422 1670 0.
446 1610 540 1671 1511
567 1605 623 1670 101.
645 1607 713 1693 (μ),
742 1628 808 1671 000
831 1603 957 1668 dubito.
1001 1613 1099 1691 atquc
1121 1605 1386 1692 100010ςο0000
1408 1606 1483 1670 edd.
1506 1628 1528 1669 a
1547 1608 1615 1672 Da-

308 1711 393 1775 niele
410 1709 570 1776 Caietano
587 1706 801 1776 Cremonensi
816 1719 1065 1798 procuratarum
1082 1707 1170 1772 tituli
1191 1706 1343 1772 omnibus
1365 1712 1613 1776 accuratissime

309 1813 489 1878 emendatis
511 1809 709 1896 gloriantur,
738 1811 919 1878 modestius
941 1820 1053 1875 tamen
1070 1811 1106 1874 in
1127 1807 1271 1896 epistula
1289 1807 1333 1872 ad
1353 1809 1524 1875 Andream
1541 1810 1611 1875 Mo-

309 1915 457 1979 cenicum
479 1912 653 2000 patricium
674 1909 835 1977 Venatum
858 1914 937 1978 data
956 1911 1134 1976 Caietanus
1151 1917 1227 1997 ‘ego
1247 1921 1338 1977 vero’
1356 1912 1464 1999 inquit
1482 1912 1558 1977 ‘hoc
1571 1913 1613 1977 de

307 2038 359 2080 me
383 2015 545 2081 duntaxat
565 2013 714 2100 polliceri
740 2037 874 2101 possum
897 2015 969 2080 loca
992 2034 1113 2099 graeca
1133 2033 1197 2100 que
1217 2013 1328 2078 minus
1348 2009 1516 2078 intellecta
1538 2035 1614 2078 esse

307 2138 506 2204 perspexero
528 2138 585 2204 pro
614 2137 688 2180 mea
713 2117 861 2202 portione
889 2114 1031 2180 enodare
1053 2114 1218 2180 conabor?
1248 2121 1283 2178 et
1307 2113 1467 2180 nonnulla
1492 2136 1613 2186 revera

307 2217 396 2284 haud
416 2219 564 2305 imperite
581 2226 728 2282 correcta
749 2219 911 2283 invenies.

393 2318 470 2384 Alia
493 2318 581 2384 haud
598 2339 705 2405 pauca
726 2319 878 2383 0000100
897 2317 993 2384 libris
1013 2317 1202 2384 emendavit
1220 2321 1255 2394 5)
1273 2315 1536 2385 Parisiensis
1560 2323 1612 2409 (a)

308 2422 441 2486 ‘maiore
467 2421 676 2486 accuratione
709 2421 749 2483 in
776 2419 922 2484 edibus
950 2418 1220 2484 Ascensianis
1239 2419 1246 2506 1
1265 2419 1317 2484 Ad
1344 2418 1420 2484 idus
1441 2420 1611 2510 Septemb.

306 2519 507 2589 mmxvl’
530 2519 601 2605 (fol.
617 2517 798 2604 CXLIXv)
813 2521 941 2587 monitu
953 2519 1045 2584 Petri
1060 2519 1193 2586 Rosseti
1208 2523 1370 2606 impressa
1385 2522 1422 2586 in
1444 2521 1612 2592 falmin:

308 2625 440 2689 omnino
467 2633 576 2688 tamen
600 2644 642 2686 00
672 2620 754 2686 haee
773 2622 907 2710 quidem
934 2643 955 2685 a
973 2629 1068 2687 textu
1097 2643 1137 2687 00
1163 2644 1268 2709 usque
1284 2630 1416 2708 recepto
1441 2623 1539 2711 longe
1560 2648 1613 2691 re·

307 2723 404 2790 cedit.
728 2737 733 2748 '
1222 2751 1228 2764 ·

393 2824 463 2889 Nec
485 2823 720 2913 Neapolitanae
743 2825 896 2890 editionis
917 2847 947 2889 a.
973 2827 1054 2890 1520
1074 2846 1136 2888 nec
1156 2823 1366 2888 Florentinae
1388 2846 1448 2911 per
1471 2825 1611 2893 heredes

308 2925 392 2994 Phil.
410 2925 528 2990 Iuntae
548 2948 579 2990 a.
604 2929 684 2990 1525
708 2929 781 2992 104
804 2928 985 3014 impressae
1000 2947 1079 2990 usus
1094 2924 1175 2989 mibi
1198 2946 1374 2990 concessus
1390 2925 1463 2992 1011.
1501 2928 1612 2994 inbac

310 3027 489 3092 secundum
530 3027 671 3094 indicem
704 3029 832 3094 ‘omnia
862 3030 1005 3114 primum
1040 3029 1109 3092 acri
1139 3027 1262 3092 indicio
1291 3025 1419 3092 Nicolai
1449 3027 1608 3120 [Angelii]

308 3111 503 3194 Bubinensis
532 3131 694 3216 castigata
716 3153 794 3196 mox
816 3129 858 3194 ab
881 3130 1027 3195 Antonio
1049 3130 1213 3194 Francino
1238 3085 1462 3216 [1100011100οἰ]
1488 3131 1608 3196 iterum

308 3232 479 3316 recognita
499 3253 572 3294 eum
593 3233 800 3297 restitutione
821 3230 903 3296 locis
922 3233 991 3297 suis
1012 3253 1205 3318 graecarum
1227 3230 1421 3312 dictionum,
1446 3252 1531 3317 quas
1550 3255 1610 3298 an-

307 3332 402 3396 tebac
421 3354 588 3420 nunquam
609 3355 752 3398 excusae
771 3331 905 3398 fuerunt
926 3355 1014 3397 nunc
1033 3334 1174 3422 primum
1202 3333 1237 3396 10
1259 3330 1365 3396 lucem
1383 3333 1474 3398 edita
1493 3333 1609 3400 addito

307 3431 415 3498 101100
438 3434 581 3518 copioso'
598 3437 632 3499 ²⁸.

376 3603 410 3656 98
429 3603 462 3654 cl.
480 3605 598 3656 Bandinii
617 3607 745 3657 luctarum
760 3607 916 3674 typograph.
934 3606 1040 3657 annales
1056 3606 1141 3657 Lucae
1161 3605 1226 3658 1791
1247 3607 1268 3656 ll
1286 3607 1339 3658 199
1357 3624 1430 3672 sqq.;
1450 3625 1483 3658 err
1504 3612 1610 3660 Antonii

306 3689 473 3740 Varchienais
491 3690 524 3740 ad
542 3691 673 3744 studiosos
697 3692 807 3760 epistula
829 3693 935 3744 editioni
957 3694 1101 3760 praemissa
1125 3697 1179 3760 (sp.
1199 3695 1352 3745 Bandininm
1370 3697 1389 3748 l.
1406 3695 1422 3745 l.
1440 3710 1468 3760 0.
1488 3695 1537 3747 201
1552 3696 1609 3760 sq.)

307 3775 402 3840 elucet,
435 3775 567 3828 Nicolaum
587 3777 724 3844 Angelinm
751 3779 812 3830 olim
834 3780 960 3830 Prisciani
982 3779 1206 3847 praeceptionibus
1231 3783 1390 3848 castigandis
1414 3791 1517 3832 auctore
1545 3783 1607 3834 Ber-

307 3861 387 3912 nsrdo
405 3863 477 3912 lunta
495 3877 600 3926 operam
617 3879 736 3930 navasse,
755 3865 851 3917 Graeca
865 3873 950 3916 101000
969 3867 1055 3916 omnia
1076 3874 1101 3914 et
1117 3865 1209 3916 Latina
1226 3867 1349 3917 nonnulla
1366 3870 1485 3920 omisisse
1499 3876 1608 3920 ‘axem-

306 3948 461 4014 plariorum’
478 3955 506 3998 ut
524 3949 626 4000 ridetur
639 3951 748 4002 Antonio
766 3952 904 4016 ‘penuria‘⁸
942 3952 970 4001 id
988 3967 1045 4001 curn
1063 3952 1284 4004 animadvertisset
1300 3953 1382 4013 lanta,
1401 3958 1515 4022 ‘paratis
1532 3963 1608 4020 quot-

306 4044 368 4098 quot
385 4034 480 4086 habere
504 4037 586 4102 001011
604 4037 805 4104 exemplaribus,
829 4046 882 4088 turn
904 4037 1028 4089 hactenus
1046 4039 1164 4088 excusis’
1183 4039 1235 4103 ipsi
1254 4039 1364 4090 Antonio
1383 4055 1427 4090 eas
1443 4043 1515 4094 dedit
1535 4058 1608 4094 reco-

307 4122 477 4188 gnoscendas.
514 4128 577 4172 ‘uos
595 4128 684 4188 ergo',
703 4126 788 4191 pergit
807 4124 850 4174 ille
871 4123 986 4173 ‘collatis
1005 4138 1074 4174 more
1097 4132 1183 4174 nostro
1200 4125 1226 4173 in
1249 4139 1326 4174 unum
1351 4125 1391 4175 bis
1416 4128 1608 4194 exemplaribus

305 4207 475 4272 perlectisque
498 4206 582 4256 multis
607 4217 631 4258 01
650 4211 750 4274 graecis
776 4217 800 4260 01
825 4211 911 4262 latinis
936 4210 1129 4275 exemplaribus
1155 4225 1262 4274 quornm
1291 4211 1435 4263 testimonio
1456 4214 1604 4265 Priscianus

305 4293 384 4340 utitur
401 4292 434 4341 01
450 4300 589 4359 praecepta
607 4308 655 4344 sua
673 4295 864 4361 comprobanda
882 4299 909 4346 in
923 4296 997 4346 libris
1011 4294 1044 4346 de
1059 4304 1116 4347 octo
1130 4298 1244 4362 partibus
1257 4299 1388 4360 orationis,
1406 4301 1603 4368 quamplurima,

306 4393 337 4426 ne
356 4377 439 4428 dicam
458 4381 556 4443 omnia,
579 4389 633 4432 turn
650 4397 743 4446 graeca
760 4391 814 4433 tam
834 4382 1298 4449 101100100010110001010001101000
1320 4388 1493 4452 restituimus,
1523 4386 1603 4438 libros

305 4477 366 4514 vero
384 4462 416 4512 de
436 4463 637 4527 constructione,
656 4483 720 4530 quos
738 4468 836 4520 librarii
855 4467 908 4519 lere
927 4481 1026 4528 omues,
1044 4483 1182 4532 omnesque
1198 4486 1349 4533 excusores,
1367 4473 1454 4524 nescio
1472 4487 1523 4535 qua
1540 4488 1602 4524 000-

305 4551 414 4612 iectura,
444 4551 485 4600 vel
502 4553 587 4616 potius
606 4568 690 4604 errore
707 4553 832 4606 Prisciani
855 4553 988 4604 cuiusdam
1004 4555 1111 4604 minoris
1135 4569 1193 4605 esse
1214 4557 1362 4618 voluerunt,
1389 4557 1454 4607 adeo
1475 4560 1603 4620 inversos,

304 4637 424 4701 typisque
443 4645 493 4687 turn
513 4637 588 4688 10010
606 4655 725 4698 excusos,
743 4648 769 4689 01
788 4656 804 4691 0
821 4640 937 4690 barbaris
955 4639 1116 4690 1001100110
1137 4643 1194 4704 qnia
1213 4643 1404 4708 11000000,οι
1421 4645 1452 4693 oh
1470 4645 1601 4697 11001100

304 4721 411 4773 antehac
429 4723 514 4790 legere
532 4725 565 4774 sit
583 4739 676 4790 ausus,
700 4726 761 4788 quia
780 4739 870 4776 sensus
889 4725 950 4776 inde
968 4725 1054 4776 nullus
1072 4727 1219 4788 eliceretur,
1243 4728 1277 4778 ad
1295 4729 1478 4780 caniformem
1497 4731 1600 4796 redegi-

304 4823 376 4874 mus,
405 4810 931 4863 011001100000010000101111010000
954 4813 1065 4864 studiosi
1086 4821 1137 4866 tam
1162 4829 1324 4880 graecarum,
1354 4831 1431 4880 qnam
1454 4816 1601 4877 latinarum,
