3600 5584
679 1186 1104 1292 rnnsnnrro

789 1453 991 1464 -—-————

330 1644 554 1745 Prisciani
578 1677 874 1742 Caesariensis
903 1675 1035 1741 Mauri¹
1060 1684 1153 1740 aetas
1183 1697 1222 1739 eo
1252 1674 1426 1758 definitur,
1455 1671 1544 1760 quod

241 1780 287 1843 de
310 1778 406 1843 laude
428 1777 598 1842 Anastasii
618 1777 823 1874 imperatoris
846 1799 933 1843 anno
951 1778 1021 1842 fere
1037 1801 1070 1865 p.
1093 1775 1133 1842 C.
1149 1799 1182 1842 n.
1202 1779 1291 1840 512¹
1312 1797 1445 1842 cumen
1457 1797 1543 1840 com-

240 1881 366 1966 posuit.
411 1887 443 1943 et
466 1878 572 1966 potuit
593 1889 681 1944 certe
704 1880 747 1944 ad
768 1879 907 1944 eandem
928 1887 1071 1943 aetatem
1087 1887 1236 1966 spectare
1250 1875 1542 1956 Cassiodorus,

240 1982 318 2067 qui,
346 2003 419 2044 oum
448 1979 508 2044 'ad
536 1981 778 2046 amantissimos
803 1978 1040 2066 orthographos
1065 1978 1290 2045 discutiendos
1316 1999 1404 2043 anno
1425 1975 1542 2039 aetatis

238 2073 456 2168 nonagesimo
478 2085 626 2164 terti0’⁸,
648 2103 733 2146 anno
751 2083 853 2167 igitur
871 2082 940 2146 fere
961 2083 1025 2146 tto
1036 2081 1055 2157 ⁴,
1078 2083 1294 2166 pervenisset,
1316 2080 1358 2145 iis
1380 2077 1420 2141 de
1436 2075 1542 2143 ottho

240 2183 384 2269 graphia
405 2185 606 2270 praeceptis,
629 2205 712 2270 quse
735 2205 778 2247 ex
798 2183 969 2248 Prisciano
991 2182 1274 2269 excerpsit,·haec
1291 2179 1463 2270 praefixit:
1486 2183 1542 2239 ‘ex

224 2285 413 2348 'Prisciano
430 2286 654 2370 grammatico,
670 2285 725 2372 qui
746 2294 856 2350 nostro
874 2293 1020 2372 tempore
1033 2281 1317 2371 Constantinopoli
1329 2283 1454 2347 Romae
1464 2277 1539 2343 doc·

241 2397 297 2450 tor
317 2385 398 2468 fuit,
427 2385 467 2449 de
489 2385 574 2450 libro
597 2387 702 2473 ipsius
725 2387 790 2450 ista
809 2386 947 2454 collecta
967 2395 1061 2451 suut’
1075 2389 1097 2448 ⁵.
1151 2407 1257 2473 neque
1277 2407 1338 2473 por
1355 2405 1391 2448 se
1412 2381 1464 2445 bis
1484 2377 1541 2443 ob-

239 2495 319 2568 stat,
340 2485 427 2573 quod
445 2485 616 2552 iustiniani
637 2487 836 2576 temporibus
858 2488 960 2576 ‘apud
975 2487 1306 2574 Constantinopolim'
1327 2505 1401 2550 eum
1420 2489 1540 2567 ‘gram-

241 2590 386 2654 maticae
408 2590 487 2652 artis
510 2587 673 2674 profunda
692 2589 843 2654 rimatum
866 2595 958 2654 essc’
987 2599 1100 2654 namet
1118 2589 1271 2654 Paulus
1293 2584 1539 2651 Diaconus⁸.

242 2712 363 2756 vereor
380 2699 500 2774 tamen,
522 2711 564 2753 ne
587 2689 669 2754 haec
689 2691 853 2756 sententia
871 2713 937 2758 non
957 2691 1023 2755 nisi
1043 2690 1099 2755 illo
1114 2689 1305 2756 Cassiodori
1322 2689 1393 2754 loco
1406 2687 1540 2765 nitatur,

241 2814 320 2856 cunr
352 2813 418 2855 uno
447 2789 607 2878 Dionysio
635 2789 768 2878 Exiguo
793 2793 985 2880 interposito
1017 2792 1080 2878 ipsi
1110 2789 1306 2856 Cassiodoro
1333 2787 1540 2854 Priscianum

241 2892 292 2956 ibi
313 2889 439 2956 Paulus
456 2889 625 2976 adiungat.
657 2901 802 2958 ceterum
824 2895 945 2979 partim
966 2893 1075 2979 ipsum
1095 2894 1215 2979 partim
1239 2901 1389 2958 auctores
1410 2907 1454 2952 ex
1467 2885 1539 2972 ipso

241 2992 414 3075 oriundos,
432 3001 469 3056 ut
489 2991 547 3056 aiii
572 3013 615 3056 ex
637 2993 713 3058 aliis
733 2994 888 3080 deinceps
901 2993 1075 3082 pendeant,
1097 2995 1202 3059 secuti
1222 3003 1300 3060 sunt
1319 2990 1449 3077 adiecta
1465 3007 1539 3071 pas·

240 3094 305 3156 sim
338 3094 539 3157 accuratiore
565 3096 720 3180 temporis
755 3103 848 3177 nota,
883 3117 982 3182 quam
1011 3094 1134 3160 nullius
1159 3094 1315 3160 momenti
1341 3111 1415 3157 esse
1438 3093 1540 3174 patet,

242 3193 354 3257 fontes
374 3215 483 3280 rerum
506 3193 793 3260 Germanicarum:
838 3194 1060 3259 Ekkebardus
1081 3197 1117 3260 in
1138 3195 1291 3260 chronico
1312 3203 1345 3260 et
1365 3186 1539 3254 Vircebur·

240 3294 342 3378 gensi
370 3303 401 3358 et
428 3294 630 3362 universali⁷
656 3306 754 3386 atque
778 3297 1004 3384 Sigebertus⁸,
1031 3295 1169 3362 historia
1187 3317 1302 3380 regum
1330 3291 1449 3358 Frane.
1471 3310 1539 3354 mo-

318 3517 330 3566 l
351 3533 373 3568 v.
392 3517 558 3570 Nisbubrium
577 3522 603 3570 in
618 3477 699 3586 praei.
719 3537 790 3589 corp.
810 3523 900 3589 script.
916 3519 977 3574 bist.
997 3519 1103 3587 Byzant.
1119 3528 1182 3575 tom.
1201 3521 1212 3570 1
1230 3535 1256 3586 p.
1276 3517 1387 3570 XXXIV
1468 3511 1538 3564 Μ·

241 3601 392 3652 Endiicberi
408 3604 441 3656 sd
458 3605 536 3656 buius
554 3622 633 3661 carm.
652 3623 678 3659 v.
696 3606 748 3658 289
762 3623 818 3671 sqq.
839 3609 1026 3668 annotationem
1044 3623 1073 3673 p.
1091 3607 1125 3660 ts
1141 3607 1183 3658 ed.
1202 3621 1265 3658 sune
1335 3603 1353 3654 3
1370 3599 1486 3652 Cassiod.
1506 3598 1539 3648 da
1629 3657 1637 3672 ,

239 3689 408 3756 orthograph.
434 3707 461 3756 p.
488 3681 580 3748 atriis
603 3693 632 3746 P.
731 3695 748 3742 4
776 3692 810 3744 ei.
834 3693 963 3744 Mensonis
988 3693 1140 3745 Gescbiobts
1161 3695 1208 3756 des
1232 3688 1455 3744 Ost-Gothiscben
1479 3685 1538 3734 liei-

239 3774 305 3824 ehes
336 3775 362 3822 in
390 3775 478 3826 italien
507 3793 535 3844 p.
561 3777 614 3832 ³32
635 3795 698 3842 sqq.·
796 3781 812 3830 b
841 3777 961 3830 Cassiod.
986 3779 1004 3833 Ι.
1029 3781 1047 3829 Ι.
1070 3796 1096 3846 p.
1123 3781 1194 3834 sets
1215 3780 1244 3832 P.
1351 3777 1369 3827 d
1393 3775 1426 3824 de
1457 3771 1538 3838 gestis

238 3859 406 3925 Lougobsrd.
428 3862 499 3916 125.
529 3865 564 3913 its
585 3879 639 3914 rcnr
668 3877 725 3914 sese
751 3863 846 3914 babere
876 3873 1017 3925 constaret,
1046 3867 1067 3916 si
1096 3865 1219 3915 eitinnsri
1245 3871 1346 3928 posset,
1379 3858 1448 3922 quod
1473 3870 1537 3904 non-

238 3946 308 3996 nulii
327 3948 495 4009 contendunt,
526 3949 652 4000 lulianum
676 3948 805 4000 consulem
828 3965 859 3998 sc
877 3953 1028 4014 patricium,
1058 3967 1109 4016 quo
1125 3964 1232 4002 suasore
1249 3949 1436 3998 institutionum
1452 3955 1537 4008 graut-

236 4033 391 4082 mnticarum
413 4035 493 4085 iibros
516 4035 662 4086 Priscianus
688 4035 769 4086 edidit
795 4037 885 4100 cuique
914 4051 958 4088 eos
984 4037 1128 4101 dedicerit,
1153 4039 1278 4102 epitomes
1301 4033 1458 4084 novellarum
1481 4028 1537 4078 ius-

236 4119 412 4170 tinisnearum
429 4121 536 4172 Latinae
559 4122 625 4170 circe
647 4136 739 4170 anuum
769 4121 820 4172 556
839 4123 1005 4172 concinnatae
1028 4122 1081 4189 (ci.
1101 4123 1236 4174 Biauemm
1255 4119 1408 4190 Gasebieirte
1422 4117 1468 4168 det
1485 4113 1536 4164 No·

239 4205 329 4256 ration
345 4206 487 4258 iustinisns
507 4207 591 4261 Batoi.
610 4207 676 4258 1824
694 4221 719 4272 p.
740 4209 774 4258 74
789 4205 848 4272 sq.)
870 4218 1084 4260 mercatorem.
1120 4217 1147 4259 st
1170 4210 1194 4258 is
1218 4209 1243 4258 si
1262 4219 1377 4258 summas
1399 4203 1538 4268 dignitates

236 4291 353 4355 amptius
369 4293 473 4358 triginta
490 4295 565 4344 annis
581 4302 641 4343 ente
658 4292 703 4357 (r.
720 4292 804 4358 inire)
823 4293 989 4357 obtinuisset,
1005 4294 1075 4344 baud
1090 4297 1126 4346 its
1142 4295 1211 4346 nude
1228 4294 1285 4344 ‘vir
1301 4289 1534 4355 eloquentissimus,

235 4385 389 4428 antecessor
406 4379 517 4430 civitatis
533 4377 840 4448 Constantinopolitanse'
867 4381 893 4428 in
917 4379 988 4430 tibris
1012 4395 1075 4435 mss.
1094 4381 1273 4431 nominaretur.
1309 4393 1360 4442 qus
1376 4377 1422 4425 six
1443 4374 1535 4424 certior

236 4463 343 4513 videtur
357 4463 437 4514 sitere
456 4479 498 4518 vr.
517 4465 561 4514 dd.
578 4464 737 4524 coniectura,
762 4480 819 4516 curn
838 4463 1034 4536 Symmacirum,
1058 4469 1101 4517 cni
1118 4467 1241 4534 opuscula
1258 4466 1292 4516 da
1310 4463 1400 4531 ttgurts
1416 4471 1535 4510 numero-

234 4564 294 4597 rurn
313 4557 338 4598 at
356 4549 388 4600 de
407 4551 517 4601 nummis
536 4550 577 4600 vei
595 4550 765 4615 ponderibus,
787 4549 819 4600 de
836 4548 950 4600 Terentii
972 4554 1059 4602 metris
1082 4562 1106 4603 et
1123 4555 1157 4604 de
1171 4549 1457 4618 praeexercitaminibus
1474 4545 1533 4594 rhe-

234 4634 330 4685 toricis
354 4635 380 4682 in
403 4649 497 4700 corpus
517 4635 623 4698 aliquod
643 4635 745 4686 redacta
764 4635 894 4700 inscripsit
912 4637 1071 4704 Priscianus,
1096 4637 1177 4690 tuisse
1196 4638 1327 4690 conantem
1352 4651 1377 4685 a.
1394 4633 1447 4685 485
1516 4633 1532 4682 7

233 4734 355 4772 monum.
375 4717 460 4772 Genu.
482 4721 543 4776 bist.
563 4722 603 4772 ad.
622 4721 737 4772 Pertsius
760 4721 877 4784 scriptor.
902 4731 961 4772 tom.
980 4724 1015 4772 Vi
1032 4741 1062 4791 p.
1079 4724 1128 4785 24,
1145 4723 1179 4774 :tt
1202 4722 1356 4788 (iustiniani
1376 4734 1443 4772 auno
1465 4719 1532 4782 ²0);

234 4804 298 4868 lto,
325 4806 367 4864 ·t;
387 4804 446 4864 143,
465 4809 499 4856 24
567 4806 665 4860 stete.
686 4806 745 4870 315,
764 4810 797 4860 sa
816 4809 852 4871 (a.
868 4805 933 4871 sas)
1036 4801 1040 4807 ’
