3600 5584
657 383 846 446 cfflbuvttl
860 391 894 448 67
900 393 976 448 -70
1388 383 1449 444 425

215 515 237 556 ρ.
251 503 301 544 aar.
316 503 345 544 aa
358 503 381 543 r.
1212 513 1233 554 ρ.
1247 499 1359 543 ror-tos
1372 499 1398 540 rr.

328 574 397 645 Qui
414 592 529 646 mare,
549 571 612 650 qui
633 577 757 632 terras
774 571 872 632 omni
893 571 1043 634 dicione
1065 579 1259 648 tenerent,

327 675 545 737 Pollicitus:

163 781 332 840 ‘tenerent'
362 778 441 840 enim
468 774 666 840 confirmative
693 773 779 851 dixit3
810 783 854 835 est
875 777 991 853 quaudo
1014 778 1170 838 suadentes
1195 779 1251 839 lroc
1273 777 1396 852 utinrur,
1421 789 1452 841 ut

163 881 189 942 si
216 881 311 942 dicam
338 880 479 960 ‘prodest
505 886 537 938 ut
564 877 680 955 legas'3
702 882 748 937 est
767 877 882 954 quaudo
902 878 1095 956 imperantes,
1124 887 1155 940 ut
1176 884 1231 940 ‘ue
1258 880 1367 956 dicas',
1396 882 1452 941 ‘ne

136 981 283 1056 alaeirs',
304 981 335 1042 in
356 999 414 1059 quo
433 998 489 1041 nee
506 987 574 1057 eget
593 978 650 1040 alio
667 978 775 1054 berbo;
796 986 843 1040 est
860 975 865 1061 Ι
884 980 999 1057 quando
1018 981 1205 1042 ostendentes
1226 981 1357 1061 potuisse
1378 982 1450 1055 llari,

162 1083 219 1144 nisi
250 1082 319 1160 quid
345 1081 554 1162 impedimento
582 1081 700 1155 luisset,
730 1088 762 1142 nt
790 1080 948 1154 ‘lacerem
975 1081 1001 1144 si
1021 1084 1206 1163 placuisset',
1241 1082 1403 1158 ‘dicerem,
1426 1085 1450 1146 si

161 1184 322 1246 licuisset'.
366 1190 492 1264 possunt
519 1182 653 1244 onasus
680 1190 832 1262 praeterea
859 1183 1065 1263 perspicaciter
1090 1185 1303 1264 inquirentibus
1322 1194 1352 1246 et
1378 1186 1451 1248 aliae

161 1285 304 1366 praedicti
324 1285 405 1346 modi
426 1285 654 1364 significationes
672 1283 802 1346 inveniri.

247 1387 383 1450 lutlnitus
402 1394 464 1460 est,
487 1387 537 1464 qui
557 1395 587 1447 et
605 1385 740 1467 personis
762 1393 792 1446 et
812 1386 941 1448 numeris
963 1387 1067 1462 deficit,
1090 1389 1168 1450 unde
1189 1397 1219 1450 et
1238 1409 1344 1452 nomen
1367 1411 1450 1454 aece—
1468 1413 1502 1467 69

127 1511 149 1550 ro
161 1491 207 1570 pit
233 1489 352 1565 inllniti,
381 1489 459 1567 qarod
485 1507 541 1550 nec
567 1507 710 1569 personas
735 1506 791 1547 nec
815 1506 953 1550 numeros
975 1489 1074 1552 delinit
1097 1498 1126 1552 et
1144 1501 1211 1571 eget
1231 1513 1289 1554 uno
1311 1513 1346 1554 er
1366 1505 1449 1574 quat-

160 1602 231 1656 tuor
256 1611 344 1673 supra
368 1591 454 1652 dictis
475 1591 586 1666 modis,
620 1599 653 1652 ut
673 1591 817 1670 signitlcet
840 1589 948 1668 aliquid
974 1593 1149 1671 perlectum,
1182 1602 1214 1656 ut
1242 1597 1358 1676 ‘legere
1384 1619 1453 1680 pro.

160 1715 251 1777 pero,
271 1696 369 1774 legere
390 1713 530 1775 propera,
551 1694 663 1756 utinam
678 1693 775 1771 legere
796 1711 998 1772 properarem,
1018 1713 1083 1755 cunr
1103 1694 1199 1776 legere
1221 1707 1403 1779 properem'.

247 1796 446 1878 impersonale
467 1803 566 1858 antem
587 1795 707 1857 verbum
729 1813 800 1855 suae
829 1793 981 1856 cuiusdam
1009 1797 1300 1877 est-significationis
1329 1811 1358 1864 et
1379 1807 1454 1869 solet

160 1903 208 1963 rel
238 1921 255 1962 a
278 1899 390 1962 neonis
410 1900 533 1960 activam
554 1897 599 1959 rel
623 1896 788 1959 absolutam
808 1897 866 1957 vim
888 1895 1077 1973 habentibus,
1098 1919 1156 1962 nou
1181 1883 1277 1964 tamen
1297 1889 1457 1986 passivam,¹

124 2029 147 2071 ις
161 2005 336 2086 plerumque
357 2001 455 2075 nasci,
492 2008 525 2062 ut
547 2003 689 2074 ‘statvu',
719 1998 891 2072 ‘curritur',
927 1999 1074 2076 ‘vivitur',
1108 2003 1319 2082 ‘ambulatur’‚
1350 2010 1394 2070 vel
1415 2011 1452 2072 ab

159 2108 279 2182 activis,
303 2115 336 2168 ut
354 2105 515 2177 ‘amatur',
545 2102 697 2181 ‘legibu’,
726 2121 743 2163 a
768 2100 891 2182 passivis
913 2120 981 2161 vero
1002 2103 1046 2162 vel
1071 2107 1272 2170 communibus
1294 2109 1342 2206 pel
1362 2112 1452 2193 depo-

158 2210 300 2272 nentibus
316 2225 492 2286 numquam,
515 2206 571 2267 nisi
591 2204 628 2266 ab
650 2223 710 2266 uno
735 2204 895 2266 ‘misereor
911 2203 1058 2279 miseret’,
1083 2207 1133 2266 sed
1156 2211 1247 2288 magis
1277 2211 1305 2272 id
1335 2231 1452 2294 quoque

157 2334 175 2374 a
200 2313 353 2375 ‘misereo'
375 2318 428 2372 est
451 2307 642 2370 vetustissimi
663 2307 741 2368 enim
762 2324 817 2387 pro
837 2306 1003 2368 ‘misereor'
1029 2307 1177 2370 ‘misereo'
1200 2309 1351 2389 dicebant,
1375 2317 1451 2377 sieut

159 2415 285 2477 «liversis
309 2431 398 2494 supra
420 2411 603 2472 ostendimus
624 2409 736 2471 usibus.
860 2412 864 2420 '

119 2528 147 2568 π
248 2516 359 2596 Supina
384 2514 427 2574 vel
455 2512 646 2593 participialia
671 2529 738 2573 cum
765 2529 821 2572 nec
847 2527 991 2591 personas
1019 2511 1185 2572 discernant
1215 2523 1244 2576 et
1268 2521 1449 2599 temporibus
1468 2543 1501 2593 70

111 2637 116 2644 ·
159 2625 297 2692 careant,
317 2617 423 2695 ortibus
445 2615 652 2678 siue'verbnm
673 2633 740 2676 esse
758 2631 819 2674 non
831 2621 939 2693 potest,
963 2620 992 2672 et
1013 2631 1098 2674 casus
1113 2627 1263 2678 assumant
1284 2627 1313 2680 et
1327 2641 1451 2703 praepo-

158 2721 318 2784 sitionibus
348 2717 492 2800 separatis
522 2717 732 2796 adiungantur,
761 2716 825 2776 sine
855 2713 943 2777 dubio
975 2715 1046 2776 milri
1076 2719 1192 2778 nomina
1221 2720 1353 2784 videntur
1374 2744 1450 2800 esse,

158 2840 237 2901 quae
263 2833 362 2883 tamen
389 2822 455 2883 loco
487 2820 666 2882 infinitorum
691 2824 841 2898 ponuntur
868 2825 927 2878 tam
953 2818 1111 2880 activorum
1140 2839 1227 2898 quam
1259 2825 1450 2903 passivorum.

158 2943 216 2987 nee
237 2944 292 3005 per
311 2943 345 2985 se
367 2943 401 2984 ea
425 2923 520 2984 solum
540 2919 555 3005 ss
574 2919 750 3012 positqpro
770 2917 891 2980 insutas
915 2921 1111 3001 accipiuntur,
1138 2923 1190 2984 sed
1215 2924 1300 2986 etiam
1321 2928 1451 2990 eiusdem

118 3045 145 3086 aa
160 3027 274 3088 tonnae
301 3017 510 3104 indubitalbilia
538 3023 657 3086 nomina
681 3019 745 3082 aliis
772 3020 908 3082 adiuncta
943 3023 1110 3085 nominibus
1139 3027 1299 3088 secundum
1328 3031 1451 3093 eundem

156 3147 278 3202 rasum,
311 3137 345 3190 ut
373 3129 509 3191 Cicero
536 3122 917 3210 inlinyectivarnm:
961 3125 1056 3186 nilril
1086 3127 1451 3196 hiemunitissimus
1517 3151 1521 3160 ·

155 3229 324 3292 habendi
343 3237 501 3292 senatus
522 3230 644 3302 locus,
671 3227 766 3288 idest
786 3229 885 3288 ‘tutus
904 3227 1012 3289 habere
1033 3235 1196 3304 senatum',
1221 3219 1355 3308 ἀσφαλὴς
1375 3231 1452 3314 ἔχειν

155 3321 215 3408 τὴν
236 3325 413 3412 σύγκλητον.
457 3333 535 3394 inter
560 3331 679 3393 mobilia
711 3339 809 3391 tamen
835 3327 954 3390 riomina
981 3329 1112 3391 eiusdem
1138 3332 1248 3394 tonnae
1270 3343 1301 3394 et
1319 3334 1391 3398 haec
1409 3335 1450 3411 (id

195 3539 207 3590 l
220 3539 304 3588 omnis
313 3537 358 3591 Fr.
371 3555 400 3590 av.
409 3554 452 3602 pr.
465 3552 552 3588 onrnes
566 3537 628 3588 Ver.
638 3537 683 3586 Fr·
695 3552 726 3585 ra.
737 3537 783 3590 att.
837 3491 948 3585 dielioue
961 3533 1000 3584 ar
1019 3533 1124 3586 dacione
1134 3535 1182 3587 GL
1198 3537 1294 3588 ditione
1312 3538 1364 3592 ΒΗ
1380 3531 1449 3590 liora.

155 3656 270 3721 (Veml)
340 3617 454 3710 blasii:
471 3661 495 3710 B
564 3661 591 3709 in
607 3657 699 3723 qnaK
765 3673 814 3721 quo
830 3672 877 3708 nee
893 3657 956 3708 odd.
972 3672 988 3705 r
1056 3657 1134 3707 uerbo
1153 3658 1239 3709 aliod
1308 3642 1452 3726 bpladuis-

154 3743 212 3777 sem
232 3729 280 3778 GL
357 3730 467 3781 dicerem
485 3745 531 3782 orn.
552 3730 577 3779 L
654 3728 829 3779 tlicuisetG
898 3726 1002 3783 fortasis
1020 3728 1067 3777 GL
1138 3727 1223 3779 nliaG
1298 3731 1449 3780 Sinucnirl.

156 3799 242 3858 erare
264 3797 386 3853 indultus,
412 3799 526 3850 latinitas
543 3801 590 3851 GL
608 3799 727 3852 inueniri.
747 3813 825 3862 quare
843 3797 992 3849 induitione.
1012 3796 1154 3848 Infinitiuua
1169 3797 1195 3846 K
1275 3797 1451 3852 illnllnitiuns

945 3875 958 3904 0

154 3921 224 3970 Μὶν
306 3922 339 3971 12
356 3916 532 3987 properarem]
552 3912 677 3985 propere'e
691 3919 720 3969 K
798 3917 829 3969 ts
848 3915 1018 3983 impersonale
1037 3914 1064 3965 K
1086 3916 1249 3982 inpersonale
1266 3919 1291 3968 B
1368 3929 1450 3972 autem

155 3989 378 4044 memoriosis
449 3998 488 4040 est
504 3989 592 4041 emti
667 3989 957 4043 tantammodo
1015 3988 1064 4037 'll
1083 3986 1129 4038 rab
1147 3987 1289 4054 nno(lr)D
1360 3997 1386 4040 ut
1405 3992 1451 4039 mi-

155 4077 244 4112 sereor
260 4061 287 4112 B
355 4059 469 4125 miseret]
494 4061 629 4109 miseretur
642 4057 718 4109 GLK
735 4059 777 4109 uel
795 4060 898 4109 miseret
916 4060 949 4107 al.
969 4073 998 4106 ro.
1019 4059 1045 4106 ia
1059 4072 1105 4132 rap.
1124 4057 1153 4106 K
1221 4057 1256 4109 20
1276 4057 1371 4124 Sopina
1387 4077 1452 4124 quae

1063 4135 1071 4162 Ι

154 4195 204 4232 nos
220 4181 346 4248 gerundia
369 4181 480 4230 dicimus
505 4179 548 4230 uel
571 4177 627 4244 (uel
645 4194 691 4232 om.
712 4176 748 4241 θ)
765 4179 928 4245 participalia
946 4175 1123 4244 (participalia
1139 4177 1180 4244 K)
1207 4178 1283 4230 GLK
1350 4182 1451 4246 partiei-

152 4250 226 4318 palia
244 4267 259 4298 r
328 4251 359 4302 21
380 4250 506 4315 aquibus
524 4249 563 4299 ar
633 4264 683 4298 non
700 4257 785 4314 potest
800 4275 835 4285 —
851 4249 1022 4314 adiungantur
1036 4251 1062 4298 in
1077 4250 1187 4299 liturad
1257 4249 1374 4299 adsumat
1391 4250 1417 4299 B

188 4322 224 4371 22
247 4320 418 4385 adiungantur
441 4335 476 4369 ex
500 4319 672 4384 adiunguntur
693 4334 762 4368 corr.
784 4319 810 4369 B
894 4333 951 4368 esse
969 4319 1072 4368 nomina
1094 4319 1213 4369 uidentur
1229 4318 1330 4370 ΒΗΘΔ
1347 4321 1450 4369 nonriua

153 4405 213 4442 esse
231 4389 352 4441 uidentur
367 4389 420 4439 BK
491 4387 525 4440 23
538 4386 633 4453 umen]
651 4397 749 4439 tantum
766 4387 793 4438 B
861 4388 1084 4438 intinitiuorumG
1157 4390 1191 4440 ‘25
1208 4387 1399 4440 indubitaliatr'

151 4461 188 4512 26
207 4460 260 4511 Cio.
278 4462 305 4510 tu
322 4461 398 4511 Catil.
416 4473 455 4508 or.
474 4459 485 4507 l
504 4459 532 4522 1,
553 4459 566 4508 l
620 4455 810 4522 invectivarum]
830 4473 847 4508 r
868 4458 1071 4507 inueebtiuarnm
1089 4458 1116 4509 K
1133 4459 1360 4509 inuerriuammlt
1412 4459 1450 4508 ni·

151 4579 206 4630 cna
225 4579 253 4628 a
322 4576 376 4644 ιιι]
394 4579 462 4629 enan
480 4577 609 4628 nucea
627 4579 695 4628 enim
713 4578 754 4630 nae
772 4579 798 4630 a
871 4579 904 4628 nr
921 4538 988 4629 drus
1006 4577 1046 4628 nr
1114 4578 1207 4630 saner.
1226 4579 1250 4628 a
1266 4578 1383 4630 naseins

149 4641 332 4714 ἀσφαλὴς-
347 4650 450 4699 amandi
469 4663 515 4702 ora.
530 4648 556 4696 D
577 4649 683 4698 ΜΗ
767 4658 887 4714 scortum
904 4646 1033 4702 RDHGK
1117 4663 1191 4701 exsui
1210 4651 1237 4699 ιιι·
1250 4650 1274 4712 s.
1296 4649 1320 4698 L
1338 4663 1449 4702 axsoaar

151 4774 162 4822 l
233 4769 268 4822 28
284 4767 333 4820 rim
348 4770 372 4820 a
388 4785 430 4820 rur
448 4770 472 4819 D
490 4785 541 4821 ran
559 4769 587 4820 K
663 4785 712 4820 rarr
733 4784 882 4821 cvrraaror
899 4771 926 4818 ia
942 4770 1047 4820 litarat
1122 4784 1269 4822 orrvaaror
1286 4769 1318 4819 H
1339 4735 1449 4834 prrrrii-

152 4857 211 4892 awrr
230 4841 270 4891 Ilr
289 4855 440 4892 eruraroa
459 4841 511 4892 GK
527 4854 668 4892 cremares
686 4840 711 4889 D
780 4847 863 4890 tamen
887 4840 1035 4915 Qu
1054 4841 1157 4892 nomina
1173 4840 1217 4890 Μ
1284 4839 1348 4890 haec
1362 4847 1403 4915 est
1422 4842 1448 4891 id

150 4937 193 4980 est
206 4928 239 4982 11
