3600 5584
682 378 796 441 arnan
818 358 969 445 nir-10
1403 380 1464 441 sss
1489 436 1494 446 .

207 497 211 505 ·
240 496 309 539 ‚ors
326 494 388 537 rso.
1264 484 1413 537 smus.

225 510 333 631 Ρ(Ιιιιιι
353 568 440 646 igitur
462 574 531 629 sunt
551 566 746 641 intransitiva,
775 568 842 647 quia
867 586 926 628 non
950 576 1076 647 possunt
1103 568 1213 647 obliqui
1236 508 1323 629 clirsns
1348 567 1393 627 lris
1414 568 1465 628 ad-

173 674 269 751 iungi,
290 673 355 734 loco
376 669 456 731 vorbi
478 669 556 733 subit
575 668 774 750 participium,
800 677 832 731 ul
854 669 962 732 ‘bonus
983 672 1071 732 borno
1091 671 1286 750 loquebatnr',
1310 669 1391 731 ‘boni
1413 670 1465 729 bo·

174 776 262 837 minis
289 772 434 853 loquentis
462 764 622 834 orationem
646 772 762 847 audivi’,
792 772 889 833 ‘bono
916 772 1027 833 bomini
1052 771 1183 850 loquenti
1207 770 1295 844 dedi',
1338 771 1464 831 ‘bonnm

175 876 323 939 bominem
349 877 516 953 loquentem
538 873 656 947 andivi',
679 873 768 934 ‘bono
791 874 910 936 humine
930 874 1069 953 loquente
1090 873 1251 935 delectatus
1269 876 1365 950 snm'3
1399 872 1496 941 nbi-n

145 998 233 1059 sque
261 979 337 1039 enim
362 976 547 1057 participium
571 975 636 1037 loco
664 975 743 1036 verbi
772 976 945 1042 intransitivi
971 976 1120 1057 accipitur.
1165 976 1311 1037 vocativus
1338 992 1463 1055 qnoque,

174 1079 320 1159 quomodo
342 1078 553 1161 nominativus,
586 1078 775 1139 intransitivis
793 1078 971 1156 adiungitur,
998 1087 1031 1139 ut
1050 1078 1167 1139 ‘doctus
1187 1077 1312 1155 loquens
1333 1077 1463 1157 proticis'

174 1190 205 1241 ct
225 1180 329 1241 ‘docte
350 1180 473 1259 loquens
494 1180 629 1260 proficis’
653 1180 698 1239 vel
720 1182 875 1261 ‘profice’.
921 1182 996 1242 sicut
1021 1181 1110 1259 igitur
1136 1198 1298 1260 pronomen
1324 1179 1391 1240 ideo
1418 1185 1464 1239 est

173 1283 338 1357 inventum,
366 1290 398 1343 nt
417 1268 536 1361 'adiungi
563 1282 674 1363 primae
700 1289 729 1343 et
755 1284 902 1344 secundae
930 1283 1010 1344 verbi
1032 1302 1175 1365 personae
1197 1281 1292 1363 possit
1311 1316 1325 1327 ·
1346 1280 1463 1387 qomina

173 1384 251 1445 enim
275 1385 374 1447 tertiae
396 1404 540 1465 personae
563 1383 699 1463 coniungi
727 1385 829 1445 volunt
856 1384 967 1465 absque
994 1387 1123 1447 vocativo
1152 1404 1237 1458 casu,
1270 1384 1320 1463 qui
1348 1400 1464 1462 semper

133 1506 159 1547 ro
173 1487 320 1549 secundae
342 1487 507 1567 adiungitur
528 1502 671 1569 personae
691 1534 718 1563 -,
746 1488 788 1548 sic
809 1489 961 1570 participia
986 1492 1103 1551 inventa
1124 1496 1207 1563 sunt,
1228 1495 1261 1548 ut
1282 1486 1360 1565 quod
1381 1485 1466 1545 deest

174 1589 284 1664 verbis,
307 1590 335 1650 irl
358 1597 404 1651 est
425 1608 526 1665 casus,
551 1588 717 1670 compleant
737 1590 891 1653 coniuncta
914 1592 1090 1653 nominibus.
1204 1660 1210 1669 ‚

258 1692 316 1753 Nec
343 1693 438 1753 solnm
464 1712 517 1773 per
543 1692 678 1773 obliquos
705 1712 792 1755 casus
820 1701 865 1755 ost
889 1694 959 1755 utile
981 1693 1181 1774 participium,
1218 1690 1270 1753 sed
1297 1690 1384 1751 etiam
1412 1686 1466 1769 pe'r

174 1794 389 1856 nominativum.
433 1795 546 1856 diversa
575 1795 652 1856 enim
675 1795 762 1857 verba
785 1794 896 1875 absque
927 1795 1131 1857 coniunctione
1151 1794 1310 1873 adiungere
1331 1810 1389 1852 non
1412 1811 1465 1871 po-
1514 1877 1518 1883 Ι

172 1903 233 1971 tes,
265 1905 299 1957 nt
323 1896 399 1975 ‘lego
430 1896 524 1957 disco’
552 1896 596 1957 vel
624 1898 728 1959 ‘doceo
756 1898 856 1960 discis'
880 1918 939 1960 non
968 1907 1013 1960 est
1044 1898 1215 1971 dicendum,
1249 1896 1301 1957 sed
1330 1895 1407 1974 ‘lego
1433 1902 1463 1955 et

133 2013 159 2052 rs
175 1998 268 2059 rliseo’
292 1999 335 2059 vel
354 1999 458 2059 ‘doceo
480 2005 509 2059 et
530 1998 648 2061 discis':
668 2018 734 2061 nam
756 2000 812 2061 lroc
834 2002 984 2081 proprium
995 2008 1040 2062 est
1061 2008 1121 2061 tarn
1141 1999 1356 2061 transitivornm
1377 2016 1464 2077 qnam

173 2100 435 2176 intransitivumrn3
466 2101 649 2181 participium
676 2110 773 2163 autem
803 2104 827 2165 si
851 2105 982 2182 proleras
1010 2123 1064 2184 pro
1086 2104 1183 2181 aliquo
1204 2100 1292 2163 verbo
1313 2109 1342 2161 et
1363 2100 1464 2162 adinn-

173 2222 225 2281 gas
248 2201 274 2263 ci
297 2202 432 2278 verbnm,
467 2189 542 2263 bene
569 2204 631 2264 sine
661 2205 865 2265 coniunctione
891 2206 1022 2286 profers,
1059 2214 1090 2267 ut
1108 2203 1113 2289 l
1133 2205 1254 2283 ‘legens
1281 2203 1384 2265 disco'
1409 2221 1463 2282 pro

173 2306 262 2383 ‘lego
275 2312 304 2365 et
325 2305 418 2366 disco’
440 2312 470 2366 et
491 2304 633 2366 ‘docente
650 2324 698 2366 me
719 2306 819 2368 discis'
843 2327 897 2388 pro
920 2308 1025 2369 ‘doceo
1046 2317 1075 2369 et
1096 2308 1208 2370 discis'.
1241 2312 1342 2367 contra
1363 2312 1459 2365 autem
1480 2325 1513 2377 10

174 2406 290 2468 nomina
309 2394 436 2481 diversass
467 2408 491 2469 si
512 2407 549 2467 ad
572 2425 662 2468 unum
681 2410 859 2485 reserantur,
890 2410 954 2471 sine
975 2410 1180 2472 coniunctione
1202 2417 1317 2491 oportet
1338 2428 1373 2469 ea
1394 2427 1463 2488 pro-

14 2574 21 2583 ,
130 2511 267 2582 nolens,
299 2508 355 2571 nisi
378 2510 403 2570 si
425 2510 564 2571 adiectiva
586 2511 783 2589 geminentur,
822 2519 853 2573 nt
876 2512 954 2592 ‘pins
973 2515 1108 2586 lleneas',
1133 2512 1263 2573 ‘blancus
1282 2510 1464 2573 Tullius-Ci-

174 2618 270 2686 cero’;
304 2611 329 2671 si
350 2612 427 2672 enirn
448 2612 527 2673 dicas
550 2612 634 2692 ‘pius
656 2622 685 2673 et
705 2616 835 2675 Aenens'
868 2613 913 2674 vel
940 2614 1072 2677 ‘blancus
1092 2623 1122 2676 et
1142 2614 1254 2677 'lollius
1279 2622 1308 2676 et
1332 2615 1462 2689 Cicero',

174 2713 257 2791 qnasi
277 2712 313 2774 de
333 2713 389 2775 alio
411 2722 440 2774 et
463 2713 520 2775 allo
541 2712 622 2775 dicis.
667 2715 827 2777 accidentia
850 2737 917 2778 vero
939 2718 999 2778 sive
1022 2717 1161 2778 adiectiva
1184 2718 1209 2778 si
1230 2715 1462 2795 geminabuntur,

174 2832 295 2875 necesse
317 2821 362 2875 est
383 2816 528 2895 interponi
550 2817 800 2891 coniunctionem,
832 2825 864 2879 nt
884 2818 991 2881 ‘bonus
1014 2826 1044 2879 et
1063 2818 1130 2899 pius
1154 2826 1183 2879 et
1205 2817 1300 2880 iustus
1323 2825 1352 2879 et
1380 2818 1463 2879 tortis

172 2918 307 2978 Aeneas'.
343 2917 429 2979 verba
451 2936 566 2997 quoque
589 2927 618 2979 ct
638 2918 789 3000 participia
812 2919 1018 2998 sisequautnr
1040 2940 1121 2996 sese,
1141 2930 1227 3000 egent
1248 2918 1462 2994 coniunctione,

130 3039 159 3080 ns
174 3025 206 3080 ut
225 3017 307 3097 ‘legit
329 3027 358 3079 et
377 3018 478 3080 scribit
498 3019 623 3093 doctor',
659 3020 799 3099 ‘loquens
819 3030 848 3081 ct
876 3039 997 3083 currens
1027 3022 1117 3083 lecit'.
1161 3042 1216 3083 nec
1241 3024 1363 3098 mnnm,
1395 3042 1464 3103 pro-

175 3122 255 3202 pria,
285 3140 358 3199 quae
381 3120 568 3183 insecabilem
591 3121 784 3183 substantiam
807 3122 1024 3197 demonstrant,
1052 3132 1085 3185 nt
1111 3126 1295 3197 ‘Socrates'‚
1316 3125 1462 3204 ‘Scipio',
1565 3169 1569 3177 .

176 3242 229 3284 uec
256 3242 313 3283 non
341 3222 527 3304 appellativa,
560 3242 634 3301 quae
661 3224 817 3285 secabilem
847 3219 893 3308 [id
921 3223 983 3311 est]
1013 3226 1179 3305 generalem
1197 3223 1211 3307 ΙΙ
1232 3226 1277 3309 vel
1307 3226 1463 3307 specialem

176 3324 261 3407 [qnae
284 3324 370 3386 dividi
396 3323 502 3407 potest]
528 3326 720 3388 substantiam
741 3326 885 3403 indicant,
914 3335 948 3389 nt
971 3328 1093 3389 ‘animal
1102 3331 1124 3402 ',
1150 3326 1305 3407 ‘corpus’,
1328 3326 1462 3407 fhomo',

173 3428 309 3501 ‘taurus’,
338 3428 464 3505 ‘equus’,
493 3430 632 3503 ‘aurnm',
660 3428 769 3517 ‘lapis',
795 3446 854 3489 nun
877 3448 963 3508 egere
981 3431 1200 3492 coniunctione:
1233 3428 1364 3489 diversae
1385 3428 1462 3489 enim

244 3606 418 3700 lnopnsum
435 3650 481 3699 Hb
550 3598 628 3715 viliqui
646 3652 687 3701 Ην
756 3608 869 3703 2uerb¹o
888 3652 932 3702 Dd
999 3650 1078 3718 subit]
1095 3668 1111 3701 r
1127 3652 1240 3703 subiitll
1311 3649 1461 3716 loquebatur

82 3739 85 3745 ·
173 3722 197 3768 D
284 3718 403 3786 hominis]
425 3737 440 3769 v
456 3721 572 3772 homiues
590 3722 613 3773 R
632 3722 728 3773 homini
744 3721 770 3770 B
853 3719 1026 3787 illaqueantis]
1046 3723 1063 3772 Ιι
1081 3734 1214 3786 sequentes
1233 3722 1264 3772 H
1331 3716 1407 3784 bono]
1429 3720 1463 3767 rd

174 3790 234 3841 boni
251 3790 298 3840 llll
315 3791 414 3855 bononq
433 3791 461 3841 K
534 3792 697 3843 4bominem
713 3792 865 3844 latiturab
940 3793 1028 3843 andini
1046 3794 1139 3843 add.r
1211 3791 1308 3842 bomini
1325 3791 1348 3841 ll
1417 3790 1460 3838 de·

173 3921 292 3990 lectulus]
310 3924 328 3973 lc
345 3884 477 3977 dilecistns
497 3926 575 3979 GLK
642 3928 792 3995 nestum)
809 3930 842 3979 H
908 3885 1041 3979 lnlocoK
1107 3886 1295 3980 Vocatiuist
1366 3926 1460 3979 iidoc-

221 4013 242 4048 θῐ
1404 4020 1414 4048 Ε

173 4072 215 4112 tus
251 4061 357 4125 loquens
375 4062 404 4114 H
480 4062 604 4129 ligitur]
624 4064 731 4115 enimG
813 4064 870 4115 ideo
886 4080 932 4115 om.
953 4064 1030 4116 ΜΚ
1106 4020 1244 4130 90οηἰέςί
1262 4063 1306 4114 Dd
1378 4063 1460 4126 abque

172 4151 214 4201 Ilr
283 4163 345 4198 casu
364 4148 460 4215 nimy
533 4151 743 4203 laustenes
812 4155 888 4204 etlam
905 4167 952 4218 per
969 4168 1003 4202 οε
1020 4153 1096 4201 etiam
1112 4166 1159 4218 pro
1178 4166 1246 4202 corr.
1263 4152 1301 4203 D.
1358 4151 1390 4203 13
1400 4165 1460 4201 corr-

171 4246 303 4355 lagitione
320 4288 365 4339 Dd
422 4286 506 4354 potes]
524 4289 540 4339 b
556 4296 581 4339 et
597 4292 622 4340 io
639 4292 716 4341 litura
733 4294 742 4341 l
759 4298 841 4356 potest
857 4288 985 4341 RBHGK
1040 4290 1072 4340 14
1088 4297 1146 4355 post
1162 4290 1240 4341 discis
1255 4306 1309 4357 sqq.
1329 4305 1407 4355 sasque
1425 4290 1463 4339 ad

134 4426 253 4477 'discis
269 4426 330 4477 adei.
347 4425 382 4475 νά
454 4422 556 4489 lbvel]
574 4434 630 4477 etr
704 4379 916 4493 Nametproprium
934 4427 983 4478 hoc
1001 4436 1039 4479 est
1058 4428 1085 4477 K
1162 4427 1194 4479 lc
1213 4441 1259 4493 pro
1278 4426 1362 4490 aliquo
1380 4427 1459 4477 uerbo

172 4512 256 4564 decb
327 4510 359 4563 19
376 4510 525 4562 vellerentur
541 4514 566 4563 L
647 4516 681 4567 20
699 4516 749 4567 nisi
767 4513 799 4581 si]
821 4516 905 4567 dnisi
922 4516 978 4568 DII
1047 4516 1238 4567 adlectatinati
1311 4514 1388 4565 cerba
1401 4522 1461 4578 post

172 4646 261 4697 Cicero
279 4662 334 4713 sqq.
351 4676 385 4687 -
404 4648 491 4699 Cicero
510 4648 605 4714 addc
675 4652 707 4702 22
725 4650 931 4718 geminabuntur]
951 4652 1177 4718 kgeminabsutnr
1191 4650 1221 4705 K
1287 4654 1321 4703 24
1338 4608 1416 4719 egium
1432 4654 1466 4703 Η

333 4741 344 4768 r

242 4785 276 4836 25
295 4798 385 4835 oureus
404 4783 447 4833 Dd
513 4784 546 4837 26
564 4784 639 4835 verba
654 4794 717 4849 post
734 4784 894 4836 insecabilem
911 4801 965 4852 sqq.
986 4815 1019 4823 —
1040 4788 1177 4839 secabilem
1192 4790 1253 4843 add.
1270 4806 1286 4839 r
1353 4790 1460 4839 soerstls

172 4854 224 4907 GK
291 4854 323 4905 27
341 4850 466 4918 necnon]
486 4871 501 4903 r
519 4857 639 4908 necrell.
693 4856 830 4922 apellatiue
843 4856 867 4905 I)
920 4857 1082 4920 insecabilem
1099 4860 1121 4911 n
1138 4857 1363 4926 resecabilemfin)
1378 4858 1461 4913 HLK

242 4922 276 4976 29
295 4940 376 4991 equus
393 4924 419 4973 D
437 4924 545 5013 equsll
617 4940 706 4975 nurum
731 4942 766 4977 erc
784 4928 875 4978 iterato
891 4935 979 4979 taurus
1000 4944 1067 4981 corr.
1086 4928 1116 4979 K
