3600 5584
461 1040 1188 1156 titillationis·

711 1275 894 1284 ——.—.

206 1397 317 1453 ''⁸¹⁹¹''
535 1397 538 1412 ’
613 1446 662 1508 un
687 1447 990 1512 pertimuimus.
1232 1404 1399 1456 ⁹'¹³⁹‘⁴⁰¹“

239 1567 490 1630 lienominativum
511 1565 675 1647 appellatur
696 1587 712 1626 a
733 1586 803 1627 voce
823 1569 959 1648 primitivi
977 1571 1021 1630 sic
1042 1574 1241 1647 nominatum,
1262 1595 1321 1635 nou
1340 1575 1376 1636 ab
1397 1575 1479 1636 ali-'l
1501 1583 1513 1631 l

160 1691 209 1750 qua
236 1669 355 1750 speciali
382 1667 610 1746 significatione,
640 1667 717 1728 sicut
745 1687 834 1748 supra
857 1670 951 1730 dictae
972 1673 1097 1751 species.
1141 1675 1229 1736 babet
1250 1677 1339 1754 igitru
1360 1695 1449 1754 geue·

161 1774 242 1835 ralem
265 1769 492 1832 nominationem
521 1768 651 1828 omnium
679 1769 855 1844 lormarmn,
884 1789 959 1848 quae
981 1791 997 1832 a
1020 1775 1138 1834 nomine
1161 1775 1337 1838 derivantur.
1381 1795 1449 1837 nam

140 1883 187 1934 vet
206 1872 403 1954 patronymica
428 1878 457 1930 et
475 1868 641 1948 possessiva
669 1878 698 1930 et
726 1872 922 1950 comparativa
952 1881 982 1932 et
1013 1876 1188 1954 superlativa
1223 1885 1252 1938 et
1280 1873 1448 1939 diminutiva

160 1983 268 2056 praeter
290 1971 417 2032 verbalia
438 1979 466 2030 et
488 1969 662 2031 adverbialia
686 1981 715 2031 et
737 1991 780 2046 ea,
803 1991 877 2050 quae
896 1991 931 2032 ex
945 1975 1212 2054 praepositionibus
1230 1980 1313 2050 liunt,
1335 1997 1370 2036 ex
1386 1996 1449 2036 ma·

159 2077 226 2136 urna
253 2081 337 2153 parte
367 2071 581 2158 denominativa
605 2079 690 2145 sunt,
719 2073 747 2132 id
779 2081 824 2132 est
850 2092 866 2132 a
897 2074 1066 2136 nominibus
1094 2077 1268 2138 derivantur.
1313 2079 1391 2138 unde
1418 2077 1448 2138 in

160 2174 269 2236 illorvmi
290 2167 392 2234 lormis
415 2191 532 2251 quoque
554 2181 622 2232 sunt
642 2174 801 2250 maedam,
820 2193 912 2252 quae,
942 2194 1010 2236 cum
1031 2195 1090 2236 non
1113 2175 1240 2236 babeant
1260 2178 1447 2256 significatio

161 2295 220 2338 nem
248 2293 367 2347 eorum,
396 2273 609 2334 denominativa
634 2275 697 2334 iure
727 2275 927 2355 appellantur,
958 2284 992 2337 ut
1014 2275 1254 2338 ‘Timarchides'
1286 2279 1447 2358 proprium,

130 2392 149 2432 tt
162 2377 370 2438 ‘Aemilianus'
394 2394 525 2454 quoque,
545 2373 724 2448 ‘Nobilior’,
748 2375 938 2450 ‘Maximus’,
956 2376 1125 2438 ‘Catulus’.
1168 2377 1241 2438 baec
1261 2379 1340 2439 enim
1358 2379 1449 2439 deno-

159 2477 286 2539 minativa
309 2485 379 2538 sunt
400 2476 538 2549 dicenda,
561 2493 628 2536 cum
652 2475 893 2553 significationem
916 2495 1036 2538 suanam
1058 2495 1117 2536 uon
1140 2486 1256 2538 servent
1278 2481 1447 2552 turmarum,

160 2580 208 2640 etsi
233 2579 291 2640 sint
319 2575 447 2658 propria.
492 2575 654 2652 dequibus
675 2583 772 2638 tamen
800 2577 997 2652 sufficienter,
1023 2574 1028 2658 Ι
1048 2595 1116 2637 eum
1143 2577 1180 2636 de
1201 2577 1238 2638 iis
1259 2579 1446 2653 tractabatur,

160 2677 386 2740 monstravimus

236 2780 351 2840 liabent
371 2777 459 2855 igitvrr
481 2777 692 2838 denominativa
716 2779 825 2840 lamias
848 2779 987 2858 plurimas
1010 2787 1039 2838 et
1057 2777 1188 2840 diversas
1210 2780 1446 2858 sipmilicationes.

130 2899 229 2958 vaquac
255 2879 321 2958 quia
352 2878 409 2938 late
439 2885 507 2938 suut
532 2877 688 2950 confusae,
716 2879 845 2958 generali
869 2897 919 2939 eas
942 2879 1140 2940 nominatione
1163 2881 1270 2941 artium
1288 2880 1448 2960 scriptores

160 2987 394 3060 nuncupaverunt
420 2977 641 3038 denominativa.
695 2985 724 3038 et
750 2979 817 3056 quia
839 2979 948 3039 maritae
970 2978 1160 3040 inveniuntur
1187 2983 1298 3041 lormae
1318 2999 1448 3040 commu-

161 3103 207 3142 nes
228 3090 284 3142 tam
306 3079 528 3140 denominativis
543 3097 630 3156 quam
651 3078 815 3140 verbalibus
837 3097 892 3138 nec
914 3097 973 3138 non
992 3080 1079 3139 etiam
1100 3080 1329 3162 participialibus
1351 3089 1381 3140 et
1397 3080 1448 3141 ad·
1483 3117 1489 3125 ·

160 3181 342 3254 verbialibus,
370 3199 429 3240 non
459 3180 652 3256 incongruum
679 3199 745 3238 esse
772 3178 911 3252 exstirpo,
950 3179 987 3238 de
1017 3179 1064 3239 bis
1093 3199 1210 3258 quoque
1238 3180 1268 3240 in
1296 3181 1362 3240 loco
1390 3201 1447 3241 nna

162 3291 287 3344 tractare

128 3409 150 3448 aa
239 3386 313 3445 Sunt
329 3368 569 3462 igitur'lormales
589 3381 866 3442 denominativorum
884 3379 1103 3443 tenninationes
1115 3384 1175 3443 sive
1194 3383 1352 3444 verbalium
1372 3383 1444 3445 bae:

239 3567 395 3634 2apellatnr
413 3567 469 3616 ΑΚ
507 3561 583 3632 'sic]
609 3565 689 3615 suto
775 3565 1000 3632 lisignillcatione
1016 3593 1051 3603 —
1069 3569 1265 3620 nominationem
1282 3570 1345 3623 add.
1365 3587 1380 3617 r

160 3639 323 3688 llormurum
343 3645 368 3688 et
383 3639 409 3686 in
426 3653 481 3702 sqq.
502 3649 560 3684 nam
581 3662 607 3670 -
629 3636 794 3700 possession,
821 3637 928 3685 erlatiua
943 3663 978 3670 —
996 3643 1097 3701 praeter
1114 3640 1212 3688 muricia
1238 3646 1355 3703 teprmtur
1377 3641 1402 3687 in
1423 3639 1447 3686 Α

190 3711 278 3759 inam
301 3707 476 3773 potronomica
495 3703 523 3752 H
574 3703 635 3770 o,-
653 3715 754 3769 praeter
771 3704 802 3752 H
814 3715 919 3770 propter
935 3704 987 3754 BL
1042 3704 1166 3770 verbalia]
1182 3709 1218 3757 νά
1234 3707 1358 3756 uerbialia
1376 3709 1449 3758 RBD

160 3779 225 3826 erae
240 3791 368 3840 persaepe
391 3775 451 3824 libri
542 3781 566 3822 et
585 3773 625 3840 ea]
646 3795 673 3824 n
693 3775 764 3824 eall
789 3789 821 3822 ex
838 3789 899 3839 eap
925 3790 942 3822 x
960 3789 990 3824 ea
1005 3791 1021 3823 r
1089 3791 1171 3824 ea-
1187 3779 1249 3826 llum
1272 3781 1297 3825 in
1319 3779 1396 3826 litura
1414 3793 1449 3826 (ω

160 3863 221 3896 corr.
239 3847 262 3894 Α
333 3854 357 3894 et
375 3843 487 3892 maxima
505 3842 551 3892 ltu
621 3845 710 3906 ”lpust
728 3844 888 3894 derinantnr:
912 3843 959 3892 sed
977 3851 1062 3892 tamen
1081 3845 1219 3908 specialem
1236 3845 1448 3910 significationem

162 3916 247 3964 babent
265 3915 327 3964 add.
346 3913 438 3962 ΑΒΜ
460 3911 507 3961 sed
531 3911 670 3975 speiaalem
698 3911 792 3962 habent
817 3912 1067 3977 significationemlr
1127 3906 1217 3978 ’undvl
1245 3915 1342 3964 Deinde
1359 3915 1384 3962 D
1406 3915 1446 3963 uel

161 3984 262 4033 Vnded
328 3982 463 4043 8qnoque
481 3979 611 4031 lormistl
681 3981 817 4030 habentk
888 3983 1008 4032 aeorum
1024 3980 1071 4030 sed
1090 3981 1281 4032 denominatiua
1297 3983 1323 4032 B
1391 3983 1447 4032 iure

162 4053 314 4117 appellantur
332 4049 522 4100 denominatim
541 4049 564 4097 D
639 4049 784 4116 apellantur
803 4050 826 4099 Α
915 4050 1061 4099 timareides
1080 4051 1102 4099 6
1124 4051 1306 4101 tbimarcbidea
1324 4051 1380 4099 Ali

162 4123 234 4172 lorma
250 4121 475 4186 patronimicorum
489 4125 550 4180 port
567 4117 731 4169 timarchides
750 4111 809 4169 aba.
829 4119 854 4167 L
880 4120 962 4170 lorma
984 4121 1214 4185 patronomieornm
1236 4129 1295 4184 port
1315 4120 1446 4184 proprium

161 4239 185 4288 ll
250 4241 283 4290 10
301 4237 463 4343 aemilliarpus
480 4236 506 4286 A
577 4234 691 4300 Catulus]
711 4237 730 4287 d
751 4237 859 4288 catullus
875 4238 901 4286 D
972 4197 1163 4288 aenomtniuna
1181 4237 1226 4288 nd
1294 4241 1325 4290 ll
1342 4253 1447 4288 auarum

253 4319 272 4344 :-
287 4317 330 4346 non
345 4315 423 4344 {eim

161 4359 290 4410 lormarum
306 4371 323 4406 :-
346 4366 370 4408 et
388 4358 439 4406 sint
457 4354 502 4406 od
551 4361 654 4404 seruant
671 4354 821 4407 aarum
870 4354 1010 4405 formarum
1026 4357 1119 4406 add*
1171 4357 1203 4407 1²
1222 4354 1282 4422 etsi]
1301 4357 1327 4406 B
1346 4365 1371 4407 et
1388 4359 1438 4408 rell

190 4487 243 4527 sunt
262 4477 290 4526 K
358 4477 399 4527 his
418 4475 571 4526 aarum(
623 4477 771 4527 tractabitur
788 4476 813 4526 B
872 4476 906 4526 13
924 4433 1130 4554 Noiistrauismua
1148 4477 1212 4543 (aie)
1231 4479 1256 4528 A
1333 4480 1365 4530 15
1383 4479 1449 4528 latae

160 4573 209 4613 sunt
227 4575 250 4614 et
267 4565 388 4616 confusae
408 4559 457 4613 ull
475 4562 541 4611 latae
558 4571 614 4610 snut
636 4563 740 4612 conlnse
753 4563 777 4610 Α
830 4572 888 4611 sum
905 4570 930 4610 et
948 4560 1070 4612 confusae
1087 4562 1114 4612 tt
1184 4565 1216 4614 1ss
1240 4553 1449 4626 nuncupauerunt

252 4643 267 4670 il

160 4684 393 4750 dnoncipaueruut
420 4683 446 4732 tn
462 4685 541 4732 litura
563 4683 591 4732 K
659 4695 804 4732 commones
822 4682 847 4731 ll
918 4684 951 4733 17
975 4681 1226 4748 participialibualp
1254 4680 1448 4745 participalibus

160 4752 203 4800 till
272 4752 304 4803 18
322 4750 452 4816 existimo]
470 4769 485 4799 r
507 4752 684 4803 exbistimoli
761 4765 812 4800 una
830 4753 854 4800 in
875 4751 930 4801 loco
948 4751 973 4800 B
1000 4753 1027 4799 in
1047 4749 1103 4798 looo
1122 4763 1172 4798 uno
1189 4749 1244 4799 LK
1272 4751 1298 4798 in
1316 4763 1366 4798 nno
1391 4748 1446 4796 loco

161 4819 179 4867 d
243 4823 277 4872 20
295 4835 462 4870 avcrrrnvcas
482 4835 512 4870 ar
530 4835 625 4871 vantra
643 4833 850 4871 raaaraamoaaa
870 4833 1116 4870 nraoamarvvoavrr
1135 4833 1253 4868 nouvarai
1268 4830 1406 4867 racrrrvar.
1421 4816 1446 4863 B

154 4887 244 4952 ,vanae
262 4890 453 4940 terminationes
471 4889 716 4940 denominatiuorum
736 4889 769 4942 L.
804 4892 916 4952 napata
937 4889 1027 4939 deiade
1045 4889 1229 4936 terndnotionea
1251 4888 1277 4934 in
1298 4899 1378 4949 marp.
1398 4899 1446 4949 ap·
