3600 5584
688 323 691 330 ’
735 351 945 416 rmsrrno
1403 374 1489 418 rme
1537 337 1542 348 '

190 545 268 604 cata.
312 533 373 600 ubi
390 542 501 600 tamen
522 531 582 598 ille
600 541 658 600 aut
677 543 763 602 treet
784 545 840 602 aut
862 533 927 601 sibi
947 538 1019 622 ipse
1037 556 1102 599 non
1123 543 1267 618 constat,
1288 535 1332 600 ad
1352 536 1487 624 optima·

190 660 256 702 rum
289 644 323 702 et
348 634 613 700 Priscianearum
640 647 673 702 et
698 635 1198 726 reliquarummembranarum,
1221 657 1305 723 quac
1326 634 1416 701 illius
1434 659 1486 708 ae-

188 739 259 804 tatis
282 759 379 802 usum
401 737 565 802 scribendi
576 731 854 824 'repraesentant,
887 737 986 802 fidem
1014 759 1067 802 me
1086 737 1269 824 applicavi,
1302 739 1405 803 veluti
1433 738 1487 805 vcl

187 825 282 904 tacite
304 839 482 920 ‘diminuo,
516 838 760 904 diminutivum’
783 841 900 927 scripsi
922 846 1055 928 propter
1076 836 1134 902 lib.
1157 835 1264 902 XIIII
1284 842 1304 920 ξ
1327 843 1368 902 54
1375 889 1384 923 ,
1418 862 1484 904 non

190 941 391 1006 ‘dimminuo'
412 949 546 1028 propter
570 938 627 1005 lib.
652 939 669 1004 Ι
691 945 711 1022 ς
732 945 790 1024 41;
817 941 949 1024 abicio,
971 939 1082 1004 inicio'
1105 947 1166 1003 etc.
1190 939 1263 1003 coll.
1285 937 1342 1004 lib.
1365 938 1437 1021 X§
1458 943 1487 1024 3,

187 1065 250 1108 non
268 1039 418 1125 ‘abiicio,
440 1043 565 1106 iniicio'
589 1040 631 1109 ob
652 1040 708 1107 lib.
731 1041 845 1125 ulls
873 1045 927 1125 ¹⁷5
954 1061 1061 1128 neque
1082 1038 1125 1103 ab
1147 1039 1220 1128 ipso
1242 1039 1406 1105 Prisciani
1426 1063 1490 1106 usu

187 1168 236 1212 me
248 1143 435 1227 recessisse,
458 1142 546 1230 quod
559 1165 592 1206 m
606 1154 680 1210 ente
702 1169 723 1232 q
738 1145 925 1232 scripserim
941 1164 1008 1208 non
1021 1163 1054 1227 n,
1076 1163 1194 1208 censeo
1209 1141 1283 1210 coll.
1296 1139 1354 1206 lib.
1369 1141 1387 1204 I
1403 1147 1423 1222 ξ
1437 1145 1488 1226 38,

188 1248 241 1314 ubi
261 1245 363 1310 Plinii
384 1247 468 1310 ratio
490 1245 720 1311 consuetudini
740 1231 873 1313 ridetur
894 1245 1026 1333 opponi.
1078 1243 1254 1310 nonnullas
1277 1250 1311 1306 ct
1331 1241 1486 1327 vulgares

189 1359 219 1414 ct
236 1349 425 1435 frequentes
447 1347 685 1435 discrepantias
708 1346 760 1410 hio
782 1356 957 1414 annotasse
978 1345 1131 1413 sufficiet.
1183 1347 1231 1412 sic
1253 1343 1373 1410 ‘litera’
1395 1342 1489 1407 libris

189 1450 321 1514 alteram
350 1448 516 1514 scribendi
545 1451 703 1516 rationem
728 1450 920 1536 plerumque
954 1447 1167 1513 offerentibus
1199 1446 1276 1512 dedi
1304 1442 1345 1510 ob
1374 1443 1493 1510 verilo-

189 1551 297 1638 quium
316 1549 376 1614 lib.
399 1547 456 1631 I§
479 1554 497 1614 3
522 1550 624 1616 XVII
643 1555 677 1634 2,
701 1549 887 1635 ‘Virgilius'
907 1548 973 1615 illis
995 1547 1231 1614 fluctuantibus
1249 1569 1293 1612 ex
1308 1545 1425 1612 eadem
1440 1567 1491 1610 ra-

188 1653 397 1718 tiocinatione
431 1649 506 1716 coll.
536 1652 593 1717 lib.
624 1651 697 1717 IIII
731 1655 752 1734 ἕ
780 1655 816 1717 31
818 1675 835 1760 5
866 1663 935 1718 tum
970 1673 1099 1738 semper
1135 1649 1254 1736 scripsi
1279 1646 1493 1729 ‘Sallustius',

189 1751 314 1834 ‘Sulla’,
348 1751 528 1837 ‘Titinium
557 1755 731 1842 ‘neglego',
761 1753 952 1842 intellego,
980 1751 1159 1842 epistula,
1191 1756 1382 1840 ‘quattuor’,
1404 1755 1494 1814 ‘auc-

190 1861 260 1938 tor',
285 1859 428 1942 ‘poene',
449 1853 685 1941 ‘paenultima’,
703 1879 763 1943 pro
782 1879 846 1942 quo
868 1878 941 1922 voe.
964 1853 1058 1921 codd.
1082 1853 1275 1942 praesertim
1291 1853 1411 1918 Scotici
1425 1873 1492 1916 non

193 1965 317 2022 tantum
338 1956 561 2043 fpenultima’,
593 1957 651 2022 sed
678 1959 775 2023 etiam
807 1955 1045 2044 ‘peneultima'
1080 1965 1114 2022 et
1146 1954 1375 2044 ‘pentultima'
1404 1953 1494 2018 exhi·

190 2057 281 2140 bont,
323 2059 427 2125 variis
461 2055 656 2123 lectionibus
684 2057 897 2124 sollemnibus
930 2080 996 2123 non
1022 2057 1130 2122 minus
1157 2057 1278 2122 notatis
1310 2077 1410 2142 quam
1438 2054 1493 2121 rel

192 2159 354 2224 constanti
375 2157 503 2246 aliquot
525 2159 702 2242 librorum,
733 2160 883 2246 inprimis
903 2163 974 2241 An,
1002 2181 1098 2247 epro
1121 2179 1161 2224 ae
1182 2181 1246 2224 usu
1267 2156 1321 2223 vel
1339 2155 1436 2221 codd.
1458 2155 1494 2218 in

194 2258 363 2326 vocabulis
390 2259 434 2324 ad
454 2270 557 2326 artem
578 2259 805 2350 spectantibus
834 2263 906 2326 sive
932 2259 1116 2326 rationibus
1139 2261 1211 2326 sive
1236 2256 1403 2325 erroribus
1426 2277 1492 2320 ses-

191 2361 335 2425 centiens
362 2363 528 2447 repetitis,
567 2385 704 2451 quorum
726 2363 925 2452 aliquotiens
946 2383 1006 2450 per
1027 2363 1158 2426 initium
1188 2359 1347 2448 exemplis
1375 2380 1494 2445 propo-

194 2463 281 2544 sitis,
321 2463 421 2529 tacite
445 2463 565 2528 deinde
592 2465 732 2552 exprimi
761 2464 858 2530 iussi:
902 2462 1163 2552 ‘diphthongus',
1208 2462 1492 2550 ‘patronymicus’,

132 2570 135 2575 '
191 2568 370 2649 syncope,
394 2568 575 2652 ‘apocope’,
598 2567 819 2652 synaeresis,
835 2564 1061 2653 ‘synaloephe’
1077 2555 1311 2646 ‘elementum’,
1329 2559 1495 2650 ‘syllaba',

190 2663 382 2752 ‘disyllabus
392 2672 414 2748 ²,
448 2667 656 2755 ‘trisyllabus
665 2669 683 2750 ³,
716 2669 933 2754 ‘genetivus’,
963 2665 1215 2732 ‘derivativus’.
1264 2687 1326 2730 nec
1353 2665 1390 2728 in
1410 2664 1494 2752 ipsis

190 2763 350 2832 Prisciani
365 2766 475 2834 verbis
494 2769 643 2834 codicum
655 2771 690 2834 in
705 2768 1006 2856 praepositionibus
1021 2791 1081 2856 per
1099 2790 1197 2836 voces
1213 2766 1410 2852 compositas
1424 2766 1495 2830 sive

189 2865 325 2950 integris
347 2869 520 2935 servandis
539 2871 609 2937 sive
632 2869 856 2936 assimiIandis
874 2872 1128 2936 inconstantiam
1142 2890 1204 2934 nec
1222 2869 1427 2934 Scoticorum
1443 2868 1492 2931 in-

190 2965 301 3052 primis
337 2967 496 3034 librorum
523 2969 761 3059 discrepantias
798 2971 834 3034 in
858 2971 1030 3038 vocabulis
1063 2969 1189 3058 aliquot
1217 2969 1493 3058 frequentissimis

191 3088 249 3152 per
270 3077 376 3134 totum
403 3092 485 3157 opus
508 3072 688 3138 enotandas
709 3073 804 3156 duxi,
826 3072 931 3139 veluti
949 3072 1103 3138 ‘dissino’
1124 3072 1173 3136 riri
1191 3073 1359 3138 invenitur
1381 3079 1414 3135 et
1435 3068 1495 3134 ‘di-

194 3168 288 3253 sino’,
309 3173 573 3257 recenseatque,
601 3181 734 3258 ‘ussus',
770 3175 936 3254 ‘divissio’
964 3183 1043 3256 etc,
1074 3173 1301 3261 ‘possesivus’,
1319 3171 1494 3257 ‘pasivum'

192 3275 262 3350 elce
280 3274 423 3354 ‘mutta²‚
441 3279 602 3357 ‘motare',
618 3277 806 3363 ‘sopinum',
829 3280 1024 3341 ‘commone'
1039 3284 1112 3358 etc,
1128 3273 1315 3353 ‘bocolic0’,
1336 3273 1493 3357 ‘longua’,

192 3368 338 3454 ‘iunguo’
362 3381 442 3457 eto,
471 3374 666 3459 ‘verbialia’,
701 3375 945 3464 participalia,
975 3376 1160 3462 ‘semplex’.
1205 3381 1241 3438 at
1275 3373 1330 3442 vel
1361 3375 1412 3438 his
1448 3375 1495 3438 ita

191 3470 376 3557 profligatis
400 3495 533 3559 vereor,
562 3499 603 3540 ne
622 3478 719 3542 nimis
742 3479 841 3542 anxie
864 3499 917 3543 res
938 3476 1076 3566 pusillas
1095 3474 1262 3542 constanti
1285 3469 1495 3541 accuratione

193 3583 383 3658 prosecutus
407 3575 478 3640 sim.
525 3575 583 3642 sed
605 3577 688 3644 malo
709 3578 882 3665 diligentia
904 3599 1041 3667 peccare
1061 3599 1160 3668 quam
1183 3577 1347 3646 socordia.

273 3709 344 3775 Ser.
363 3709 512 3776 Berolini
534 3710 565 3777 d.
585 3711 639 3779 III
660 3737 703 3780 m.
726 3713 807 3779 Maii
828 3737 857 3780 a.
879 3713 1100 3786 MDuchv

718 4853 745 4894 a

231 4931 441 4975 sanuunrrcr
464 4935 575 4978 arrisi
598 4937 633 4976 11.
663 4916 667 4926 '
