3600 5584
314 411 332 471 2
696 407 880 469 Putsctht
900 406 948 466 Ab
969 405 1145 466 lVLlAlflbl
1166 407 1223 466 ΕΡ.

381 525 472 572 ,serre
492 523 555 571 essm
569 523 591 562 r.
1278 569 1281 579 ⁸
1419 533 1442 574 p.
1457 521 1518 562 r-rr
1532 521 1558 561 rr.

313 541 449 660 realibus
478 594 582 656 studiis
605 593 754 654 literarum
780 603 902 674 propter
930 593 1059 673 inopiam
1082 592 1274 672 scriptomm‚
1303 593 1434 671 quaruris
1462 593 1610 667 audacter,

314 701 364 762 scd
385 717 442 758 non
465 697 664 776 impudenter,
698 706 730 756 ut
757 705 844 776 puto,
870 703 994 757 conatus
1018 714 1083 756 snm
1106 713 1159 774 pro
1182 693 1291 754 viribus
1320 713 1381 753 rem
1404 695 1524 774 arduam
1547 695 1612 773 qni·

313 802 394 875 dem,
418 799 469 858 sed
490 798 587 858 oflicio
608 799 800 877 professionis
823 817 882 858 non
903 795 1077 871 indebitam,
1107 815 1196 876 supra
1214 782 1431 863 nominatr'rrnm
1454 805 1610 876 praecepta

310 902 448 974 virorum,
470 919 544 978 quae
568 917 697 978 congrua
718 908 787 960 sunt
806 900 876 974 visa,
901 899 931 960 in
944 901 1080 960 Latinum
1102 899 1261 958 transferre
1281 917 1458 971 sermonem,
1480 898 1611 958 collectis

311 1005 397 1064 etiam
421 1003 557 1062 omnibus
582 1003 658 1076 fere,
682 1019 884 1080 quaecumque
906 1001 1072 1062 necessaria
1093 1007 1261 1060 nostrorum
1286 1019 1403 1079 quoqne
1425 1000 1612 1060 inveniuntur
1636 1018 1652 1058 o

312 1105 417 1165 artium
446 1103 664 1164 commentariis
689 1104 961 1181 grammaticorum,
990 1103 1068 1182 quod
1096 1111 1210 1182 gratum
1235 1103 1298 1161 fore
1329 1102 1438 1163 credidi
1464 1111 1611 1180 tempera-

312 1213 458 1282 mentum,
492 1205 517 1264 si
544 1225 579 1266 en
601 1205 754 1284 utriusque
780 1205 896 1283 linguae
919 1205 1153 1266 moderatoribus
1176 1205 1353 1284 elegantiora
1380 1205 1530 1267 iri-unum
1562 1222 1612 1262 co-

281 1317 297 1366 3
317 1318 385 1369 cant
407 1327 514 1388 corpus
537 1325 604 1367 meo
626 1307 726 1368 labore
744 1307 883 1380 faciente,
907 1307 974 1384 quia
994 1285 1050 1368 neb
1069 1308 1291 1387 rituperaudum
1310 1327 1357 1367 rne
1382 1327 1447 1368 esse
1464 1306 1562 1379 credo,
1586 1305 1611 1364 si

313 1429 364 1470 eos
396 1411 508 1484 imitor,
558 1409 605 1486 rpri
640 1410 834 1488 principatum
867 1409 943 1468 inter
965 1406 1134 1493 sculptores
1163 1411 1266 1472 Graios
1301 1410 1372 1470 artis
1405 1409 1611 1486 grammaticae

241 1589 243 1592 Ι
312 1513 480 1590 possident,
510 1531 575 1572 cunr
601 1519 714 1572 veteres
735 1511 828 1572 nostri
854 1512 883 1571 in
907 1511 1056 1573 erroribus
1082 1513 1179 1588 etiarn,
1210 1522 1243 1572 ut
1263 1513 1373 1572 dictum
1397 1519 1458 1585 est,
1482 1510 1611 1570 Graecos
1627 1526 1651 1566 rc

313 1613 536 1692 aequiperantes
559 1613 713 1674 maximam
737 1622 834 1675 tamen
857 1614 972 1674 laudem
996 1623 1065 1675 sunt
1087 1615 1248 1674 consecuti.

398 1714 570 1792 Exemplum
599 1717 685 1776 etiam
709 1733 875 1796 proponere
900 1716 1022 1796 placuit,
1051 1736 1088 1776 ne
1116 1717 1215 1796 pigeat
1241 1715 1314 1776 alios
1340 1714 1427 1775 etiarn
1453 1733 1469 1774 a
1498 1710 1612 1773 merel

314 1814 476 1890 ignorantia
502 1816 575 1876 forte
596 1819 803 1897 praetermissa
821 1818 865 1879 vel
884 1819 988 1879 vitiose
1006 1819 1101 1894 dicta,
1116 1855 1159 1862 -
1177 1817 1249 1878 nibil
1272 1819 1349 1881 euim
1370 1837 1403 1878 er
1426 1817 1504 1877 omni
1529 1824 1612 1896 parte

314 1916 476 1995 perfectum
506 1915 534 1974 in
564 1896 940 2014 lrrrmanisfinventionibus
961 1941 1028 1983 esse
1047 1941 1137 2001 posse
1160 1920 1266 1993 credo,
1285 1956 1329 1963 —
1348 1940 1400 1981 sua
1428 1938 1545 1998 quoquc
1567 1917 1612 1978 in-

314 2017 425 2077 dustria
452 2015 488 2074 ad
517 2035 702 2082 communem
728 2022 905 2084 literatoriae
932 2024 1127 2103 professionis
1150 2023 1305 2084 utilitatem
1331 2039 1460 2100 congrua
1490 2018 1611 2079 rationis
1626 2033 1651 2073 rs

313 2117 503 2196 proportione
527 2116 571 2175 vel
596 2119 702 2181 addere
729 2123 772 2182 vel
801 2133 916 2185 mutare
943 2133 1113 2184 tractantes.
1158 2143 1285 2203 namque
1313 2123 1501 2203 festinantius
1524 2139 1612 2199 quam

312 2219 402 2280 volui'
415 2219 471 2278 bos
500 2217 587 2276 edere
612 2236 658 2276 me
686 2223 776 2284 libros
803 2227 1023 2306 compulerunt,
1052 2227 1102 2304 qui
1131 2225 1234 2287 alienis
1263 2225 1414 2288 laboribus
1440 2224 1613 2285 insidiantes

313 2319 471 2397 furtimque
491 2326 520 2378 et
542 2319 625 2396 quasi
649 2337 701 2396 per
718 2324 869 2387 latrocinia
891 2328 999 2407 scripta
1015 2327 1080 2388 aliis
1100 2327 1297 2406 subripientes
1319 2329 1405 2389 unius
1428 2326 1555 2386 nominis
1576 2324 1613 2384 ad

314 2421 429 2480 titulum
453 2416 626 2498 perimentis
648 2417 764 2478 infanda
783 2427 944 2488 mutatione
959 2430 1057 2489 ‘totius
1079 2430 1178 2508 operis
1200 2429 1230 2488 in
1254 2449 1286 2489 se
1307 2430 1429 2508 gloriam
1452 2429 1614 2489 transferre

243 2579 244 2584 ,
281 2527 468 2581 tornantur.
514 2519 725 2595 sedquoniam
750 2520 779 2580 in
804 2533 877 2586 tauta
901 2530 999 2607 operis
1018 2531 1138 2590 materia
1158 2531 1339 2611 impossibile
1362 2541 1408 2592 est
1422 2531 1530 2610 aliquid
1545 2549 1654 2610 per-ro

315 2623 423 2681 belum
443 2621 568 2681 breviter
590 2620 709 2698 exponi,
732 2621 817 2701 spatii
838 2641 952 2700 quoqne
973 2631 1087 2692 veniam
1108 2640 1192 2711 peto,
1223 2637 1355 2711 quanrris
1376 2635 1412 2694 ad
1433 2633 1615 2693 llerodia·

315 2723 349 2781 rri
372 2723 547 2801 scriptorum
571 2721 692 2800 pelagus
711 2723 793 2782 etad
816 2723 879 2783 eius
900 2724 993 2802 patris
1010 2734 1198 2812 Apollonii
1221 2735 1348 2814 spatiosa
1366 2735 1513 2795 volumina
1533 2753 1616 2795 meo-

314 2841 379 2882 rum
399 2823 606 2901 compendiosa
625 2831 694 2882 sunt
713 2823 905 2884 existimanda
922 2826 1031 2905 scripta
1048 2833 1198 2896 librorum,

402 2923 496 2984 lluius
520 2926 739 3003 tamenoporis
755 2933 785 2985 te
805 2925 987 2986 hortatorem
1010 2929 1129 2992 sortitus
1154 2937 1279 2998 iudicem
1301 2957 1420 3018 qrroqrre
1440 2941 1532 3014 facio,
1556 2939 1615 3001 lu·

317 3023 414 3084 lianc
435 3026 568 3086 consul
590 3043 631 3085 ac
651 3026 832 3104 patricie,
862 3029 908 3088 cui
928 3047 1060 3090 summos
1075 3031 1221 3108 diguitatis
1242 3041 1350 3116 gradru
1374 3061 1488 3103 summa
1511 3041 1654 3120 adqui-n

318 3125 384 3184 sirit
410 3126 440 3186 in
470 3127 549 3186 cunni
574 3127 670 3187 studio
699 3129 808 3206 ingenii
839 3129 997 3206 claritudo,
1028 3151 1087 3192 non
1117 3141 1229 3195 rantum
1254 3143 1400 3222 accipiens
1427 3145 1464 3206 ab
1491 3144 1616 3204 excelsis

317 3225 455 3304 gradibus
484 3227 629 3288 bonorum
657 3231 758 3309 pretii,
789 3241 931 3309 qnantum
957 3232 1014 3294 illis
1036 3234 1151 3294 decoris
1173 3236 1284 3300 addens
1304 3245 1358 3317 tui,
1380 3247 1463 3307 cuius
1486 3255 1616 3305 urentem

318 3336 376 3388 tam
411 3313 560 3389 Ho⁴meri
592 3333 681 3392 credo
706 3338 793 3411 quam
821 3333 974 3412 Virgilii
1012 3337 1108 3396 anima
1142 3347 1294 3428 constare,
1328 3353 1459 3428 quoprrm
1492 3356 1615 3426 uterque

317 3449 413 3490 arcem
438 3431 610 3510 possederat
632 3435 778 3508 musicae,
808 3443 836 3494 te
861 3437 979 3496 tertium
1005 3455 1039 3496 ex
1062 3445 1187 3516 utroque
1210 3442 1402 3520 compositum
1423 3466 1488 3508 esse
1509 3451 1615 3509 confrr-

318 3551 417 3604 ruens,
446 3533 554 3609 quippe
576 3551 636 3592 non
665 3535 762 3596 minus
786 3538 964 3600 Graecorum
987 3558 1075 3616 quam
1102 3540 1274 3601 Latinorum
1302 3542 1333 3600 in
1359 3532 1613 3609 omnidoctrinae
1627 3571 1655 3610 ao

318 3649 425 3708 genere
454 3633 730 3722 praefulgentem„
763 3637 814 3696 tibi
847 3657 919 3714 ergo
951 3641 1008 3699 lroc
1030 3661 1105 3720 opus
1133 3637 1276 3715 depereo,
1311 3645 1407 3705 omnis
1435 3646 1614 3726 eloquentiae

389 3834 608 3916 llyttcrarumff
661 3802 925 3900 qso¹¹³⁸eurte0uerlt
978 3843 1092 3895 torono
1112 3845 1137 3894 A
1197 3847 1300 3897 luisse
1319 3850 1344 3899 A
1414 3849 1617 3917 lelegantiora]

255 3965 263 3973 .
318 3921 507 3987 deligantioro
523 3919 619 3971 Aaou
689 3925 783 3987 Sqnin
802 3942 847 3981 orrr.
870 3929 920 3977 AL
937 3930 1027 3978 addi
1084 3933 1260 3996 operandum
1280 3950 1321 3984 me
1337 3951 1394 3987 csse
1411 3939 1459 3991 irre.
1477 3939 1525 4002 sol.
1546 3936 1576 3989 pr
1596 3947 1622 3990 et

319 4009 382 4044 marr.
402 4003 455 4044 oret.
474 3991 545 4072 iuH
596 4007 637 4042 me
655 4009 701 4046 om.
723 3996 771 4045 GL
788 3997 879 4047 addi
925 3997 1040 4049 tirmiter
1055 3999 1079 4050 t
1132 4005 1220 4066 graios
1238 4020 1274 4053 ecc
1287 4007 1384 4070 gratioe
1402 4023 1470 4062 corr.
1486 4009 1511 4058 11
1528 4025 1620 4075 grecos

318 4063 344 4110 D
393 4071 574 4129 grammaireae
587 4063 650 4112 ortis
664 4063 711 4113 ol.
767 4066 799 4116 10
817 4069 945 4118 ueterisA
1000 4070 1027 4119 ll
1045 4072 1258 4137 ncqrripperarrtes
1272 4075 1304 4123 H
1351 4085 1410 4128 suut
1425 4079 1526 4129 leudem
1540 4079 1621 4129 Anu

356 4167 388 4216 12
412 4165 497 4229 etiam}
523 4181 623 4229 quoque
643 4167 692 4216 Ab
746 4167 778 4218 13
808 4151 1018 4236 Pignorsmiah
1089 4175 1130 4223 nel
1151 4177 1228 4225 ctiam
1246 4179 1338 4229 rritiose
1356 4181 1404 4232 GL
1473 4182 1550 4232 nilD
1620 4173 1622 4178 Α

324 4235 353 4283 ld
374 4237 449 4287 credo
469 4251 525 4285 csse
544 4237 734 4286 incentionibus
751 4253 827 4304 posse
843 4241 927 4290 ADH
990 4243 1022 4294 15
1040 4244 1194 4308 profe-sionis
1216 4247 1238 4296 1
1310 4251 1343 4302 lo
1366 4257 1462 4301 motare
1476 4253 1527 4302 GK
1543 4261 1568 4303 et
1583 4257 1620 4304 aie

320 4317 397 4366 saepo
413 4305 439 4353 dr·
455 4306 515 4354 libri
583 4306 727 4357 festinatius
741 4307 766 4357 J,
840 4309 871 4359 17
888 4309 1020 4362 arderet]
1090 4315 1168 4364 libros
1185 4331 1225 4366 me
1242 4317 1289 4368 GL
1353 4321 1384 4371 18
1400 4321 1534 4372 latroniciis
1549 4323 1579 4372 H

221 4397 222 4400 =
321 4375 487 4437 surripientes
512 4373 588 4424 GLK
620 4385 630 4414 ·'
664 4380 773 4428 nominis
799 4381 873 4429 unius
891 4381 918 4430 11
984 4383 1020 4433 20
1038 4379 1071 4445 qri
1093 4385 1125 4433 H
1196 4390 1281 4450 operis
1308 4390 1369 4439 odd.
1395 4395 1405 4441 1
1475 4391 1621 4455 materiali

277 4465 285 4476 ·
321 4444 427 4492 materie
444 4443 468 4492 L
538 4444 741 4498 neroniano
811 4453 844 4501 22
862 4450 968 4517 pelagos
985 4453 1011 4501 io
1029 4453 1137 4518 pelagus
1152 4469 1220 4504 corr.
1236 4457 1260 4505 D
1330 4461 1432 4524 parisd
1501 4463 1619 4528 appollo

283 4627 284 4631 Ἰ
322 4546 358 4596 nii
377 4545 482 4596 DHGK
509 4526 682 4613 appolliniilc
751 4553 784 4605 23
807 4524 856 4605 sim
875 4558 900 4606 D
962 4558 1132 4607 existimanda
1147 4561 1173 4608 ia
1191 4564 1277 4610 rael
1351 4565 1539 4616 clanmorem
1557 4566 1587 4615 H

356 4667 390 4718 25
409 4625 533 4747 redimiuit
553 4669 575 4718 θ
597 4667 711 4732 ειὼῑείιιίῑ
730 4673 754 4721 L
779 4675 923 4739 adquesiuit
939 4677 966 4727 K
1017 4662 1023 4676 ’
1069 4624 1293 4744 ἒᾶιέιοίρίεηεθ
1363 4685 1396 4733 27
1415 4683 1467 4749 pen
1484 4686 1508 4735 R
1525 4687 1618 4751 praetii

322 4751 461 4818 Aprnccii
480 4753 509 4802 H
573 4755 607 4804 28
628 4757 712 4806 onrrno
730 4759 807 4808 oble
874 4749 1149 4829 sepossede1·erlc''
1194 4769 1322 4827 musicae,
1338 4777 1363 4818 te
1381 4773 1481 4821 tertium
1500 4789 1532 4820 ex
1548 4781 1618 4822 utro·

322 4821 383 4888 qne]
402 4839 417 4870 r
436 4823 556 4874 musicae.
583 4823 696 4874 Tertium
712 4829 737 4876 in
757 4833 902 4893 utroquefl
971 4837 1126 4901 copossitum
1145 4839 1168 4886 G
1237 4853 1293 4887 csse
1311 4854 1359 4904 ego
1376 4841 1454 4890 ΑΕΚ
1523 4841 1554 4892 31
1572 4859 1618 4908 gc·
1653 4893 1657 4900 ,

322 4907 382 4941 nere
400 4909 443 4942 om.
462 4893 492 4941 H
507 4893 601 4942 acret
672 4910 737 4962 opus
757 4900 805 4948 lroc
829 4901 857 4950 H
922 4907 1141 4970 postoprrsadd.
1163 4908 1236 4969 quasi
1255 4909 1380 4958 addeum
1401 4911 1449 4960 ot
1471 4911 1616 4972 quasilleo
