3600 5584
316 343 380 434 xvtn
859 363 1068 426 PRAEFATIO
1424 305 1444 351 I

317 547 486 620 doctorum
511 569 589 614 cura
616 546 734 632 dignos
765 547 872 613 videri
901 548 1004 612 libros
1029 546 1112 611 duos
1141 543 1272 609 sacculo
1293 564 1379 607 nono
1400 541 1613 626 conscriptos,

316 655 388 730 cod,
408 676 491 718 mus.
517 650 600 714 Brit.
617 647 743 713 Harlci.
760 651 853 732 2671,
876 649 1023 729 membr,
1045 646 1211 734 quondam
1233 646 1266 710 S.
1282 645 1412 710 Nicolai
1432 665 1533 730 prope
1550 642 1614 706 Cu-

317 780 386 824 sam
396 806 405 838 ‚
433 752 597 818 Prisciani
619 772 755 836 gramm.
780 751 881 816 libros
905 749 1026 816 XVIII
1047 751 1269 815 continentem
1288 749 1324 812 in
1344 747 1410 811 fine
1429 745 1563 811 mutilos
1578 748 1613 826 ⁷⁸,

316 867 349 922 et
369 855 450 922 bibl.
474 855 644 920 seminarii
659 851 972 938 Augustodunensis
986 849 1057 916 cod.
1072 872 1133 916 ms.
1156 873 1189 914 n.
1211 851 1292 932 40²²,
1316 850 1373 936 qui
1394 847 1497 914 libros
1520 847 1613 914 sede·

205 1023 210 1034 ,
265 997 271 1006 ·
316 962 380 1026 cim
402 959 528 1046 priores
551 955 774 1043 complectitur
788 957 823 1018 ⁷⁷.

251 1045 255 1054 ¹
402 1059 486 1124 Cum
509 1059 611 1142 igitur
633 1057 721 1122 haud
737 1056 888 1121 multum
906 1055 1065 1121 interesse
1087 1054 1251 1135 viderem,
1271 1075 1431 1140 quosnam
1451 1051 1548 1118 huius
1572 1055 1615 1114 la·
1723 1073 1733 1083 ·

213 1227 219 1246 ,
316 1163 426 1228 miliae
447 1158 549 1224 libros
571 1160 656 1224 inter
678 1179 749 1242 eos,
773 1159 829 1246 qui
851 1165 883 1222 et
899 1164 1063 1223 vetustate
1079 1167 1112 1221 et
1131 1156 1278 1222 bonitate
1299 1156 1448 1242 proxime
1462 1145 1505 1218 ad
1519 1151 1614 1218 codd.

316 1268 375 1328 RB
394 1259 568 1345 accedunt,
592 1270 722 1349 praeter
742 1261 802 1326 hos
824 1259 867 1323 ad
890 1259 1013 1324 sensim
1032 1258 1210 1343 gliscentes
1227 1258 1445 1346 corruptionis
1465 1276 1615 1344 progres-

317 1389 374 1432 sus
390 1364 658 1428 demonstrandos
674 1362 866 1445 conferrem,
889 1360 972 1426 duos
990 1360 1197 1446 potissimum
1218 1382 1290 1424 eam
1311 1360 1353 1424 ob
1367 1381 1500 1425 causam
1518 1355 1615 1439 elegi,

317 1466 404 1555 quod
425 1465 544 1550 altero,
564 1463 861 1552 Bongarsiano
886 1463 958 1547 (1)),
980 1469 1111 1548 praeter
1131 1460 1382 1545 Gruterianum,
1402 1483 1500 1548 quem
1523 1459 1615 1544 etip-

318 1591 389 1634 sum
409 1568 445 1632 in
467 1589 563 1631 usum
585 1587 798 1649 vocaveram,
825 1585 905 1628 usus
930 1564 1007 1628 olim
1030 1572 1101 1629 erat
1122 1562 1315 1646 Putschius,
1351 1563 1491 1628 alterum
1518 1558 1617 1624 Hal-

315 1670 431 1735 berst
442 1668 650 1734 adiensem
667 1668 742 1755 (H),
757 1688 854 1754 quem
868 1664 1063 1731 Luthcrium
1073 1686 1245 1753 perperam
1260 1666 1346 1732 dixit
1359 1669 1394 1750 ¹⁸,
1417 1665 1533 1729 ducem
1546 1662 1615 1725 fere

317 1771 382 1836 sibi
400 1769 545 1855 elegerat
566 1770 735 1836 Krehlius.

402 1871 526 1936 Eorum
545 1871 704 1938 librorum
720 1869 754 1955 7)
776 1871 821 1950 is,
841 1867 945 1934 instit.
968 1888 1103 1950 gramm
1129 1867 1231 1933 libros
1252 1868 1471 1955 complectens
1490 1887 1613 1954 omnes,

317 1978 374 2064 qui
400 1974 477 2038 olim
500 1973 532 2036 S.
557 1973 669 2036 Basoli
687 1992 789 2058 prope
811 1970 934 2034 Remos
961 1972 1044 2056 fuit,
1070 1983 1141 2040 tum
1168 1971 1283 2036 Iacobi
1310 1971 1502 2058 Bongarsii,
1529 1990 1617 2034 nunc

318 2087 368 2142 est
391 2074 473 2141 bibl.
498 2073 674 2160 Beruensis
706 2070 858 2159 publicae
890 2072 961 2138 cod.
992 2077 1068 2158 199,
1104 2073 1241 2139 membr.
1248 2121 1257 2155 ,
1291 2071 1415 2137 formae
1442 2072 1616 2136 maximae.

317 2177 447 2244 sacculo
482 2197 568 2240 nono
595 2195 670 2239 eum
697 2174 845 2258 assignat
878 2172 1036 2239 Sinnerus
1051 2178 1085 2258 ⁷⁹,
1116 2175 1269 2262 equidem
1297 2176 1442 2242 avariis
1463 2173 1615 2239 manibus

317 2303 383 2346 non
405 2287 481 2344 ante
503 2274 669 2342 sacculum
691 2274 725 2338 X
753 2275 911 2362 scriptum
939 2297 1013 2340 esse
1035 2299 1164 2342 censeo.
1209 2275 1403 2342 exciderunt
1430 2277 1615 2364 quaternio-

317 2403 375 2446 nes
398 2379 433 2442 II
454 2389 487 2444 et
507 2376 626 2443 XVIII
650 2375 772 2462 signati
792 2375 850 2462 (cf.
873 2397 948 2440 ann.
971 2376 1015 2441 ad
1036 2377 1093 2443 lib.
1113 2378 1130 2443 I
1150 2382 1171 2459 ξ
1190 2380 1230 2442 33
1252 2378 1342 2444 XIII
1364 2380 1442 2466 31),
1477 2397 1615 2464 quorum

316 2493 427 2546 tamen
448 2480 535 2544 hunc
554 2502 597 2542 m.
620 2475 709 2543 haud
729 2476 831 2542 multo
850 2478 959 2545 iunior
982 2479 1029 2542 ita
1051 2480 1261 2564 instauravit,
1284 2490 1322 2547 ut
1341 2489 1522 2544 extremam
1537 2499 1615 2565 pag.

316 2601 415 2644 unam
438 2559 470 2642 el
489 2576 658 2642 dimidiam
680 2577 783 2643 variis
799 2579 965 2664 excerptis
982 2601 1026 2644 cx
1043 2581 1193 2666 patribus
1208 2583 1415 2669 potissimum
1428 2580 1615 2660 Ambrosio,

317 2681 505 2766 Augustino
526 2685 586 2744 etc.
610 2678 800 2766 Tironianis
822 2680 947 2766 passim
968 2682 1054 2746 notis
1070 2691 1166 2747 utens
1188 2681 1345 2770 explerit3
1367 2703 1470 2746 unum
1491 2679 1548 2745 fol.
1571 2702 1614 2742 m.

317 2803 384 2847 ree.
414 2780 563 2845 additum
587 2780 643 2844 lib.
667 2779 733 2843 VII
758 2783 778 2860 ξ
800 2783 858 2864 85,
890 2781 1019 2846 adiecto
1039 2783 1158 2867 altero,
1197 2783 1285 2870 quod
1306 2783 1617 2848 medicamentorum

318 2882 467 2948 formulis
489 2891 550 2946 etc.
574 2880 731 2946 refertum
753 2889 813 2946 cst.
858 2882 938 2946 item
957 2881 1156 2968 ltnxvssl
1179 2889 1199 2966 ξ
1222 2889 1260 2950 31
1281 2895 1356 2974 post
1377 2907 1470 2952 voce.
1502 2891 1616 2948 ‘cassa

318 2983 432 3049 fraude
453 2990 565 3070 parat’
589 2983 704 3048 maiori
727 2985 813 3070 parti
833 2985 973 3070 paginae
993 2985 1087 3051 varia
1107 2986 1148 3051 dc
1169 2988 1294 3074 epactis
1314 2996 1348 3053 et
1365 2987 1505 3052 curiales
1519 3006 1616 3076 quae·

319 3087 393 3150 dam
426 3105 533 3169 nugae
561 3086 648 3149 notis
673 3082 863 3150 Tironianis
893 3084 947 3149 hic
982 3110 1111 3176 quoque
1147 3089 1305 3154 admixtis
1328 3089 1502 3177 inscripta:
1538 3108 1614 3174 pag.

319 3187 438 3252 deinde
468 3207 516 3272 sq.
541 3185 583 3250 ab
613 3187 679 3249 alia
699 3209 799 3251 manu
819 3183 1030 3257 continuatur
1049 3190 1250 3256 Priscianus.
1306 3191 1388 3279 ipsis
1410 3192 1482 3256 cius
1504 3188 1615 3255 verbis

319 3289 384 3352 iam
407 3290 472 3353 iam
499 3287 697 3373 glossemata
724 3287 812 3352 haud
839 3309 945 3375 pauca
966 3290 1092 3356 inserta
1111 3301 1202 3377 sunt,
1229 3314 1312 3381 quae
1332 3314 1353 3356 a
1369 3290 1462 3357 libris
1485 3289 1616 3378 optimis

227 3399 229 3404 ’
319 3390 453 3456 absunt:
489 3389 533 3454 ad
555 3389 795 3454 emendandum
817 3399 867 3473 et,
905 3400 942 3457 ut
959 3415 1040 3459 vere
1061 3393 1182 3479 fatear,
1218 3417 1316 3482 saepe
1338 3395 1392 3461 vel
1410 3393 1454 3457 ad
1475 3411 1616 3456 corrum-

319 3490 462 3577 pendum
491 3489 611 3554 librum
633 3488 715 3553 alios
742 3490 834 3555 codd.
857 3492 899 3555 ad
927 3517 1044 3560 manus
1079 3495 1143 3560 sibi
1172 3496 1275 3560 fuisse
1294 3503 1434 3559 testatur
1455 3499 1618 3557 corrector

320 3591 362 3654 ad
382 3590 439 3654 lib.
461 3589 563 3654 XVII
582 3591 671 3672 §723
694 3590 829 3654 altcrius
852 3597 1053 3660 recensionis
1074 3618 1149 3660 eum
1167 3619 1233 3662 non
1255 3603 1422 3681 expertem
1441 3593 1545 3656 fnisse
1563 3591 1617 3655 do-

321 3699 373 3755 cet
392 3701 523 3778 praeter
545 3691 611 3754 alia
633 3689 894 3774 additamentum
915 3693 958 3758 ad
977 3695 1035 3760 lib.
1058 3695 1074 3759 1
1095 3700 1115 3776 ξ
1138 3701 1167 3758 7.
1592 3687 1598 3700 “

405 3792 475 3881 Ipsi
494 3792 623 3857 saeculo
646 3791 681 3856 X
709 3793 928 3877 assignandus
956 3796 1037 3859 mihi
1058 3798 1152 3860 visus
1179 3806 1230 3862 est
1258 3797 1292 3882 8)
1315 3798 1396 3863 alter
1415 3795 1522 3863 codex
1539 3797 1616 3860 inst.

322 3917 370 3981 gr.
393 3893 451 3960 lib.
472 3891 645 3976 I-XVI,
673 3893 784 3958 codice
808 3900 837 3960 Ι)
863 3898 961 3984 paulo
989 3898 1118 3985 purior,
1145 3919 1242 3985 quem
1269 3898 1312 3988 ad
1332 3921 1454 3964 nonum
1479 3899 1534 3964 vel
1563 3897 1618 3962 de·

323 3999 443 4060 cimum
466 3995 631 4060 saeculum
653 3993 779 4060 rettulit
799 3997 957 4063 Krshlius
971 4001 1005 4081 ⁸⁰,
1024 3999 1066 4064 ad
1084 4021 1205 4064 nonum
1224 3999 1461 4087 Hertzbergius
1475 4005 1508 4062 ⁸¹.
1552 4021 1618 4065 ser·

322 4109 418 4166 vatur
435 4099 469 4162 in
491 4095 691 4163 bibliotheca
716 4101 883 4185 gymnasii
904 4099 1206 4167 Halbcrstadiensis
1217 4150 1226 4185 ,
1255 4103 1403 4187 signatus
1424 4101 1461 4166 M
1482 4099 1540 4184 59,
1568 4109 1619 4164 est

321 4199 600 4284 membranaceus,
623 4198 748 4264 formae
767 4201 947 4286 quadratae
968 4205 1057 4287 mai,
1081 4201 1234 4268 foliorum
1255 4205 1336 4287 261,
1360 4206 1441 4270 satis
1466 4211 1618 4268 accurate

324 4301 507 4389 descriptus
535 4301 576 4366 ab
604 4299 822 4388 Hertabergio
840 4305 875 4368 ⁸².
920 4306 1079 4372 ecclesiae
1098 4303 1295 4372 cathedralis
1313 4304 1619 4373 Halbcrstadiensis

395 4511 428 4562 76
451 4525 467 4559 a
487 4510 620 4576 catalogue
638 4513 668 4564 ol
681 4512 724 4562 tlte
741 4511 859 4564 Harlcian
877 4528 940 4568 mss.
962 4517 988 4565 iu
1006 4513 1051 4564 the
1068 4513 1162 4564 British
1180 4530 1297 4566 museum
1315 4516 1338 4566 11
1357 4515 1409 4568 too
1494 4519 1527 4568 77
1553 4525 1621 4567 cata-

324 4597 401 4663 logue
417 4599 522 4662 general
540 4597 585 4648 des
604 4599 791 4662 bibliothtques
812 4598 949 4665 publiques
968 4601 1015 4652 das
1033 4601 1132 4667 depart.
1149 4603 1160 4652 1
1178 4602 1213 4654 22
1221 4617 1259 4665 sq.
1330 4601 1365 4652 78
1383 4617 1409 4650 v.
1428 4603 1621 4668 Hertzltargium

325 4683 421 4733 Archiv
439 4683 456 4734 1.
474 4682 567 4736 Pltilol.
586 4702 611 4735 u.
632 4685 728 4751 Padag.
745 4687 792 4738 Vll
810 4685 861 4740 235
936 4687 971 4738 79
987 4687 1120 4754 catalogus
1138 4689 1213 4740 codd.
1231 4702 1296 4740 matt.
1314 4686 1379 4742 bibl,
1397 4688 1471 4742 Bern.
1490 4688 1567 4742 toea
1579 4704 1619 4752 sq.

394 4771 429 4822 80
443 4771 524 4820 Prisc.
544 4787 604 4837 opp.
624 4771 677 4837 lp.
695 4771 720 4822 X
815 4771 886 4826 811.
908 4773 934 4822 in
958 4788 1015 4824 ann.
1034 4774 1069 4828 78
1089 4773 1193 4825 laudato
1293 4775 1328 4826 82
1358 4773 1377 4824 1.
1401 4775 1419 4826 Ι.
1436 4791 1463 4842 p.
1483 4773 1622 4837 tattoqa

327 4854 409 4916 ipsam
432 4855 490 4904 cod.
514 4855 690 4920 collationem,
717 4867 841 4920 quatenus
864 4859 900 4909 lbi
924 4858 1022 4926 publici
1045 4860 1108 4910 turis
1132 4857 1201 4910 lacta
1223 4869 1274 4922 cst,
1302 4857 1481 4928 neglegentius
1510 4860 1621 4911 instituit
