3600 5584
720 358 960 454 ¹tuutuuuo
1322 355 1328 373 ·
1478 381 1506 422 tt

207 541 302 604 test.
340 541 376 604 in
394 541 545 626 margine
563 541 729 628 superiore
747 540 804 606 fol.
818 542 910 604 211v
937 539 1042 605 literis
1059 540 1129 606 iere
1146 541 1298 624 detersis,
1320 550 1438 606 utnon
1451 566 1507 607 au-

205 640 1511 730 deamaffirmare,ipsumcmendatoremsupracommemoratumeaaddidisse,

205 744 360 830 quamuis
371 741 454 808 mihi
465 741 597 829 quidem
609 743 656 808 ita
670 744 779 808 visum
794 745 848 824 sit,
870 741 1025 828 leguntur
1040 742 1137 810 haee:
1170 745 1314 811 ‘Teotht'
1329 746 1508 812 monahcus

207 844 343 932 scripsit
365 853 399 910 et
422 845 617 931 supscripsit
637 868 704 910 non
724 843 804 910 fecit
817 843 931 908 bene'.
974 853 1148 932 utrumque
1169 847 1388 934 exemplaret
1408 851 1507 936 scrip

208 947 290 1012 toris
313 954 346 1011 et
367 945 585 1012 emendatoris
607 969 650 1012 ex
669 945 899 1011 Theodoriana
918 948 1108 1012 recensione
1128 948 1313 1034 profectum
1330 971 1421 1032 esse,
1452 950 1508 1015 dc

209 1056 287 1112 cent
308 1047 579 1134 subscriptiones.
611 1049 780 1136 'pleraque
802 1047 940 1129 menda,
959 1069 1043 1135 quae
1061 1058 1236 1132 corrector,
1258 1049 1354 1116 homo
1366 1049 1509 1136 diligens

211 1170 252 1212 ac
281 1147 413 1230 sollers,
441 1148 644 1232 emendavit,
670 1151 795 1237 primae
822 1171 939 1214 manus
960 1150 1191 1236 neglegentiae
1217 1150 1394 1216 tribuenda
1421 1160 1507 1235 sunt,

210 1271 409 1337 quamquam
428 1270 495 1314 uon
517 1249 647 1340 dubito,
677 1251 756 1338 quin
778 1250 976 1337 aliquotiens
994 1271 1036 1314 ex
1060 1251 1173 1318 codice
1194 1274 1253 1317 suo
1275 1261 1405 1350 vetusto
1426 1253 1509 1317 vitia

212 1373 255 1416 ex
271 1351 342 1437 ipso
357 1349 477 1436 prioris
497 1351 664 1437 scriptoris
685 1351 863 1439 archetypo
878 1352 1041 1418 translata
1054 1352 1252 1436 emendarit,
1272 1353 1316 1418 ab
1335 1353 1511 1418 arbitraria

212 1461 321 1518 tamen
329 1451 534 1516 correctione
546 1473 581 1516 se
588 1452 658 1518 lere
672 1451 842 1519 abstinuit.
867 1454 1267 1520 variarumlectionumsh
1278 1453 1510 1520 eoadditsrum

212 1555 247 1620 in
269 1553 428 1639 scriptore
450 1553 514 1618 iam
534 1562 603 1618 tum
619 1576 678 1641 per
696 1554 825 1620 scholas
838 1555 1053 1622 multifariam
1072 1556 1229 1638 lectitato,
1249 1563 1405 1637 correcto,
1424 1554 1509 1638 glos·

213 1655 258 1718 sis
279 1655 439 1718 instrmto
463 1676 529 1720 non
550 1677 679 1743 semper
701 1657 815 1724 eadem
843 1657 1039 1724 auctoritas:
1065 1659 1102 1722 in
1127 1659 1318 1722 universum
1340 1664 1451 1720 tamen
1472 1653 1510 1718 li-

212 1754 271 1819 1)ιο
295 1758 342 1818 Rr
361 1757 562 1822 recensionis
585 1757 833 1824 Theodoriauae
852 1758 1072 1846 limpidiorem
1093 1757 1218 1823 fontem
1238 1758 1351 1823 inveni
1372 1755 1509 1838 nullum,

211 1857 391 1924 vetustiore
412 1878 478 1920 uno
500 1865 629 1922 tantum
649 1881 707 1945 per
724 1859 878 1943 exiguus
900 1863 1009 1948 operis
1031 1867 1158 1947 partem
1175 1859 1224 1923 uti
1245 1858 1326 1924 mibi
1348 1857 1451 1924 licuit.

294 1955 381 2022 Nam
404 1979 497 2044 spes,
516 1979 614 2044 quam
635 1959 784 2043 Pertzio,
807 1961 879 2026 viro
898 1961 1137 2043 illustrissimo,
1166 1959 1275 2026 indice
1297 1960 1375 2026 olim
1397 1982 1509 2024 conce·

213 2081 323 2146 peram
333 2059 369 2140 ⁴⁴,
391 2057 462 2123 sore
484 2069 521 2124 ut
541 2061 627 2124 inter
642 2063 929 2146 grammaticorum
949 2061 1146 2126 Latinorum
1163 2083 1264 2147 opera
1282 2060 1387 2126 literis
1403 2061 1508 2126 Mero-

211 2161 353 2246 vingicis
383 2156 529 2222 saeculo
553 2159 691 2246 septimo
728 2163 865 2247 scripta,
907 2185 992 2250 quae
1023 2161 1225 2228 bibliotheca
1252 2163 1443 2228 monasterii
1475 2163 1508 2226 S.

211 2260 307 2326 Pauli
328 2261 365 2324 in
384 2257 557 2324 Cerinthia
579 2262 723 2327 custodit
738 2263 771 2344 ⁴⁵,
795 2265 999 2328 inveniretur
1019 2263 1228 2346 Priscianus,
1257 2286 1297 2328 ea
1317 2262 1360 2328 ad
1379 2265 1509 2328 irritum

210 2361 346 2426 redacta
367 2368 433 2444 est,
457 2381 531 2424 cum
549 2361 619 2428 viro
642 2362 921 2430 excellentissimo
936 2363 1138 2432 Prokeschio
1160 2366 1204 2429 ab
1225 2366 1349 2448 Osten,
1372 2365 1427 2450 qui
1440 2373 1515 2452 tum,

209 2462 366 2550 temporis
397 2459 499 2546 legati
521 2461 690 2528 Austriaci
711 2465 801 2552 apud
822 2465 1041 2532 Borussorum
1069 2488 1180 2552 regem
1211 2469 1302 2558 vices
1330 2466 1509 2550 obtinebat,

208 2593 283 2636 sese
310 2569 552 2654 interponente,
570 2563 677 2628 codex
697 2567 768 2632 eius
788 2566 1025 2650 bibliothecae,
1043 2577 1079 2632 ut
1101 2577 1190 2634 certe
1209 2567 1420 2633 affirmabant
1443 2591 1509 2634 mo·

208 2668 322 2750 nacbi,
358 2664 522 2731 Prisciani
550 2685 635 2730 uuus
665 2666 754 2732 solus
784 2667 825 2732 ad
855 2691 908 2734 me
930 2668 1058 2735 delatura
1082 2679 1135 2734 est
1160 2669 1290 2734 saeculo
1317 2669 1509 2734 duodecimo

209 2770 432 2856 conscriptus,
462 2767 518 2853 qui
549 2775 623 2854 post
652 2789 734 2854 opus
763 2769 895 2857 aliquod
919 2769 1109 2856 liturgicum
1128 2768 1318 2835 continebat
1339 2769 1417 2835 libri
1439 2794 1510 2858 sep·
1594 2771 1601 2782 '

209 2873 282 2938 timi
304 2869 424 2934 decimi
449 2869 528 2934 artis
550 2868 713 2934 Prisciani
735 2879 860 2957 partem
882 2873 1023 2958 priorem
1045 2874 1126 2936 satis
1149 2872 1268 2947 vitiose
1289 2873 1445 2958 scriptam
1456 2873 1490 2934 ⁴⁶.

246 2987 259 3007 ‘
294 2971 391 3036 Libri
403 2991 498 3056 porro
512 2969 620 3036 octavi
633 2970 818 3056 fragmenta
832 2974 1054 3059 palimpsesta,
1067 2995 1151 3060 quac
1164 2974 1378 3037 inveniuntur
1389 2971 1449 3036 sub
1462 2971 1509 3038 fo·

209 3077 265 3142 iiis
281 3074 408 3160 aliquot
418 3071 543 3160 ¹codicis
564 3073 621 3134 141
638 3068 858 3138 bibliothecae
876 3072 976 3140 schol.
992 3074 1077 3138 med.
1094 3071 1404 3160 Montepessnlanae
1423 3095 1508 3139 saec.

125 3182 130 3191 '
207 3176 312 3242 VIllI
330 3172 500 3258 rescriptis
507 3173 541 3252 ⁴⁷,
560 3171 632 3256 ipso
649 3170 769 3255 codice,
787 3183 824 3238 ut
840 3173 982 3256 videtur,
1005 3173 1094 3240 haud
1113 3175 1219 3240 multo
1231 3175 1422 3256 vetustiora,
1437 3174 1510 3240 dili-

208 3277 342 3364 gentius
354 3273 544 3338 examinare
560 3271 640 3336 mihi
654 3292 720 3336 non
740 3273 845 3357 licuit,
866 3297 926 3362 per
942 3274 1043 3340 ferias
1061 3274 1282 3340 bibliothecae
1303 3277 1509 3340 autumnales

207 3399 231 3440 a
247 3367 373 3440 medico
385 3375 466 3440 satis
479 3393 616 3453 moroso,
629 3372 749 3458 quibis
761 3373 925 3454 thesauris
940 3377 1146 3462 praepositus
1165 3386 1225 3458 est,
1234 3378 1300 3440 non
1312 3376 1385 3442 sine
1397 3374 1509 3462 aliqua

210 3477 405 3542 difficultate
425 3472 469 3538 sd
485 3473 520 3538 id
536 3473 690 3554 admisso,
706 3483 744 3538 ut
761 3474 957 3540 festinanter
973 3476 1103 3540 codices
1117 3476 1290 3544 nonnullos
1301 3477 1508 3562 inspicerem.

295 3577 381 3642 Vsus
399 3597 479 3642 vero
501 3597 572 3638 sum
591 3573 741 3640 frustulis
761 3575 923 3640 Parisinis
953 3577 1085 3642 saeculo
1106 3587 1223 3643 octavo
1249 3579 1396 3663 scriptis,
1425 3600 1509 3664 quae

208 3681 353 3746 continet
374 3675 531 3742 notabilis
548 3675 604 3739 ille
626 3685 659 3740 et
674 3685 839 3762 spectatus
860 3679 893 3760 2)
910 3677 1011 3744 bibl.
1031 3679 1123 3767 imp.
1137 3679 1356 3744 Parisinae
1378 3679 1510 3744 codex

207 3781 327 3860 7530,
356 3777 434 3842 olim
456 3777 661 3842 Tellerianus
685 3777 766 3863 (P),
795 3778 884 3844 edito
903 3780 981 3846 inde
996 3781 1142 3846 carmine
1163 3779 1204 3844 de
1225 3779 1341 3863 figuris
1363 3789 1396 3844 et
1419 3779 1509 3844 sche

277 3919 313 3971 ta
329 3919 361 3969 el.
378 3917 510 3983 catalogus
521 3918 598 3972 codd.
610 3933 671 3968 mss.
686 3919 749 3975 bibl.
760 3936 814 3986 reg.
828 3929 892 3985 pen.
906 3921 940 3970 lli
951 3929 1012 3975 tom.
1028 3923 1063 3972 tv
1073 3939 1103 3987 p.¹
1113 3920 1173 3973 366.
1191 3935 1230 3970 vs.
1243 3919 1270 3974 11,
1288 3919 1400 3970 locorum
1414 3921 1511 3983 aliquot

208 4007 367 4058 Graecorum
391 4021 406 4054 a
427 4005 557 4055 Prisciauo
582 4005 716 4054 citatorum
737 4021 769 4056 ex
793 4007 841 4056 boc
865 4007 923 4058 cod.
949 4007 1029 4058 edidit
1047 4007 1199 4058 Theodorus
1214 4007 1357 4057 Presseiius
1371 4006 1459 4056 iterus
1476 4009 1509 4058 de

202 4092 375 4160 philologici
396 4091 478 4152 1845,
499 4090 654 4142 145—158
741 4093 776 4142 tt
795 4091 1009 4142 blouatsberichtc
1034 4092 1050 4141 l.
1066 4108 1125 4143 aun.
1147 4093 1213 4145 101.
1232 4107 1259 4158 p.
1279 4091 1332 4142 419
1418 4092 1453 4142 45
1479 4107 1507 4146 ν.

203 4178 337 4240 ¹l’ertzium
356 4175 452 4226 Archiv
470 4176 512 4225 t'irr
530 4177 607 4225 iitere
626 4176 747 4228 deutsche
766 4177 1001 4228 Geschichtskundc
1022 4179 1159 4230 1117801.
1178 4179 1293 4228 analecta
1310 4188 1446 4242 grammat.
1466 4178 1507 4228 ed.

204 4264 237 4313 ab
251 4259 402 4311 Eichenfeld
414 4261 583 4312 etEudlicher
595 4261 712 4326 pxxtu
723 4277 762 4326 sq.
777 4261 828 4312 510
838 4279 894 4326 sqq.
947 4267 982 4316 to
994 4265 1076 4332 [ipsas
1085 4265 1133 4314 hus
1142 4263 1260 4330 plagulas
1270 4265 1407 4329 corrigenti
1421 4264 1511 4314 sliere-

204 4348 280 4396 batur
295 4345 406 4411 epistula
418 4345 552 4411 l'ridegari
563 4346 641 4396 blosii
651 4361 691 4395 me
703 4347 835 4396 certiorem
846 4345 973 4405 incientis,
983 4363 1011 4396 se
1022 4347 1047 4394 in
1058 4343 1102 4395 illo
1115 4346 1269 4394 monasterio
1280 4347 1378 4395 vidisse
1384 4347 1509 4411 codicem,

203 4429 340 4482 saec.V111
350 4428 554 4498 lricescriptum
565 4441 639 4490 quem
647 4429 711 4478 inter
723 4432 852 4479 ‘tractatus
866 4429 982 4481 diversos
989 4432 1149 4493 antiquorum
1161 4431 1392 4493 grammaticorum·
1400 4431 1509 4482 Priscia-

203 4523 255 4566 n'ca
266 4529 368 4578 quoque
378 4512 508 4562 continere
521 4511 693 4561 arbitraretur.
719 4519 744 4560 at
755 4521 889 4577 postquam
903 4514 995 4563 librum
1007 4515 1113 4563 ahlouio
1126 4512 1265 4562 iudicatum
1273 4514 1453 4566 liberalissime
1462 4531 1508 4580 pe·

196 4599 268 4650 tenti
278 4597 342 4648 mibi
355 4593 677 4646 transmisitFerdiusndus
684 4593 882 4661 Steinringerus,
894 4599 1042 4649 monasterii
1052 4601 1108 4648 eius
1115 4597 1196 4648 abbas
1203 4599 1441 4666 reverendissimus,
1452 4608 1503 4649 sta-

200 4687 250 4734 tim
261 4683 323 4744 uidi,
334 4682 481 4744 baucspem
489 4681 579 4730 iterum
590 4695 645 4732 esse
651 4681 821 4732 abiciendam.
846 4683 941 4747 deipso
947 4682 1037 4732 codice
1048 4683 1113 4734 alias
1121 4685 1214 4748 agendi
1225 4684 1295 4734 locos
1305 4683 1365 4749 erit]
1417 4687 1450 4735 47
1465 4684 1501 4737 ci.

201 4765 306 4820 Librius
312 4767 419 4818 Journal
425 4767 471 4820 das
479 4766 1082 4838 enumeratam,1an.p.tacautoguegenemt
1097 4771 1144 4820 des
1154 4772 1305 4820 manuscrits
1316 4771 1362 4820 des
1370 4771 1509 4822 bibliothe-

200 4871 267 4918 ques
276 4855 509 4921 desdtpsrtsmens
521 4853 531 4904 l
541 4852 591 4910 tat
602 4869 640 4916 sq.
650 4853 745 4904 Keilius
755 4853 968 4906 Monstsbericbte
978 4857 1024 4906 der
1031 4871 1131 4923 preuss.
1141 4857 1284 4906 Aksdemie
1295 4857 1371 4923 1852,
1386 4857 1437 4908 159
1444 4874 1486 4920 sq.
