3600 5584
612 1057 847 1156 LlBEll
910 1053 1338 1153 SECVNDVS·

891 1286 1077 1295 ..——.—

381 1437 404 1477 ¹''
419 1422 466 1464 ⁵⁶⁵'
481 1421 546 1462 Ἠ·
860 1468 910 1528 aa
935 1466 1110 1528 ειιιιιιι.
1425 1429 1448 1470 ”’
1463 1417 1581 1460 ⁶⁴³⁵*

263 1603 275 1653 Ι
297 1605 308 1653 1
415 1594 529 1675 Syllaba
552 1601 597 1656 est
621 1587 845 1670 comprehensio
865 1586 1015 1646 literarum
1036 1603 1222 1664 consequens
1242 1587 1297 1647 sub
1313 1606 1372 1648 uno
1387 1599 1510 1652 accentu
1524 1600 1555 1652 et
1572 1611 1636 1654 una

330 1701 433 1780 spiritu
458 1697 587 1780 prolata;
616 1691 734 1754 aluisiue
761 1699 857 1752 tanuen
887 1690 974 1751 etiarn
1002 1688 1182 1766 singularum
1214 1690 1355 1752 vocalium
1384 1713 1474 1754 sonos
1505 1694 1635 1772 syllabas

329 1799 524 1862 nominamus.
582 1813 741 1878 possumus
770 1801 866 1854 tamen
904 1801 934 1852 et
960 1792 1003 1852 sic
1029 1790 1150 1852 debraico
1178 1791 1334 1870 syllabarn:
1369 1796 1478 1874 syllaba
1504 1807 1550 1857 est
1578 1816 1632 1858 sas

328 1901 465 1974 literalis,
501 1918 576 1978 quae
601 1897 656 1958 sub
685 1914 744 1956 uno
773 1903 895 1956 accentu
924 1901 954 1955 et
988 1913 1047 1955 una
1076 1894 1180 1973 spiritu
1210 1895 1384 1958 indistanter
1413 1899 1568 1978 prolecurr.
1615 1917 1633 1958 a
1658 1923 1671 1960 s

329 2003 451 2083 siugulis
479 2010 576 2064 minen
603 1997 764 2079 incipiens,
796 2015 854 2056 non
879 1995 1114 2075 plusquamad
1138 2017 1188 2058 sex
1214 1997 1314 2058 literas
1341 1999 1502 2078 procedere
1520 1999 1633 2078 syllaba

327 2113 425 2188 potest
444 2083 473 2166 in
497 2104 601 2166 Latina
625 2118 777 2172 securoue,
801 2107 848 2159 ut:
868 2099 932 2172 ‘a',
951 2097 1037 2172 ‘ab',
1060 2100 1158 2173 (ιη’,
1178 2102 1305 2174 ‘mars',
1325 2103 1455 2174 ‘stans',
1480 2102 1589 2181 ‘stirps
1598 2106 1619 2160 '.

411 2209 450 2270 Et
475 2207 643 2278 sciendum,
673 2200 750 2282 quad
779 2199 921 2282 syllabae,
949 2218 1023 2278 ‹yuae
1056 2220 1091 2261 ex
1119 2201 1242 2280 singulis
1271 2211 1409 2263 constant
1433 2203 1539 2276 literis,
1570 2222 1631 2264 aon

327 2313 427 2392 plures
445 2317 515 2371 suut
543 2326 630 2386 quana
656 2305 736 2385 ipsae
762 2303 892 2376 vocales,
916 2322 950 2362 ex
971 2302 1079 2381 quibirs
1097 2305 1185 2377 liunt,
1205 2322 1280 2382 quae
1302 2313 1400 2365 aarum
1424 2324 1458 2364 ex
1481 2305 1632 2384 ampliori-

327 2412 391 2474 bus·
403 2411 511 2485 literis,
534 2427 628 2491 poene
650 2404 886 2468 innumerabiles.
932 2402 1011 2464 nulla
1033 2405 1142 2483 syllaba
1161 2415 1222 2467 tres
1245 2405 1359 2466 vocales
1382 2407 1486 2480 babet,
1509 2407 1588 2468 unde
1611 2427 1669 2470 ιιιο

327 2523 355 2576 et
377 2515 385 2575 i
411 2533 470 2575 nan
498 2512 581 2573 aliter
603 2509 763 2588 iunguntur
787 2506 977 2586 diphthongis
1012 2506 1068 2566 nisi
1095 2507 1160 2566 loco
1184 2508 1297 2588 positae
1328 2509 1579 2586 conisanantiuur,
1611 2530 1630 2571 u

326 2625 423 2677 manen
453 2613 539 2674 eliani
569 2621 630 2673 turn
658 2609 736 2687 iungi
759 2615 857 2688 potest
889 2607 1088 2688 diphthongo,
1119 2628 1186 2669 cum
1214 2609 1319 2670 amittit
1347 2609 1405 2670 iim
1432 2608 1567 2692 litellrae,
1597 2622 1631 2673 ut

294 2720 452 2798 2‘quae’,
475 2716 625 2794 ‘linguaeb
662 2730 750 2791 saepe
773 2709 959 2770 inveniuntur
978 2729 1032 2790 pra
1056 2699 1170 2771 iluabus
1193 2711 1340 2772 vocalibus
1361 2711 1485 2785 iunctis,
1505 2713 1560 2773 boc
1583 2724 1629 2774 est

328 2839 381 2900 pra
398 2799 604 2900 diphthongo,
633 2811 764 2892 singulae
786 2811 900 2872 vocales
923 2811 1052 2892 positae,
1087 2820 1120 2873 ut
1141 2812 1323 2892 ‘plastrum’
1352 2834 1407 2894 pro
1427 2815 1628 2895 ‘plaustrum'

327 2932 357 2984 et
385 2921 536 3000 ‘inquiro’
565 2936 619 2998 pro
642 2916 819 2994 ‘inquaera’
849 2921 878 2974 et
900 2913 1009 2990 ubique
1037 2933 1091 2994 pra
1117 2914 1144 2974 ei
1169 2915 1352 2996 diphthongo
1381 2917 1561 2997 epraducta
1582 2918 1626 2978 vel
1643 2939 1666 2979 rs
1747 2979 1751 2990 ,

327 3028 352 3099 i,
375 3025 450 3086 sicut
470 3039 558 3102 supra
581 3019 689 3080 dictum
712 3026 773 3094 est;
796 3035 850 3096 pro
870 3035 907 3074 aa
928 3021 1026 3076 autern
1049 3036 1069 3078 ιι
1089 3017 1119 3076 in
1143 3017 1261 3079 Graecis
1282 3018 1458 3080 dictionibus
1478 3019 1627 3098 ponimus,

328 3136 359 3189 ut
381 3123 554 3196 ’σπονδεῖος
576 3121 754 3202 spondeus',
775 3120 903 3189 ‘Nailos
924 3116 1034 3192 Nilus',
1057 3117 1172 3196 ‘pedae
1193 3126 1306 3182 rausa'.
1351 3139 1426 3200 quae
1446 3121 1627 3199 singularum

327 3228 474 3290 literarum
497 3233 565 3288 siant
585 3223 711 3304 syllabae
735 3242 769 3284 ex
791 3219 956 3293 vacalibuS,
979 3230 1012 3281 ut
1030 3221 1140 3282 dictum
1162 3231 1222 3294 est,
1245 3231 1395 3294 constant,
1419 3231 1452 3284 ut
1473 3225 1538 3296 (ι’,
1561 3226 1626 3298 ‘c’,

327 3353 401 3414 cyriae
420 3341 517 3395 autern
529 3348 564 3392 ax
585 3326 700 3389 duabus
720 3333 865 3398 constant,
885 3323 928 3383 vel
950 3342 966 3383 a
988 3322 1137 3384 vocabas
1157 3325 1232 3384 liunt
1253 3333 1283 3384 et
1304 3324 1448 3386 invenitur
1469 3326 1627 3406 dipbtban·

326 3457 396 3516 giis,
420 3444 452 3497 ut
472 3437 557 3506 ‘au’,
580 3433 661 3503 ‘ae',
683 3428 727 3487 vel
747 3445 764 3487 a
788 3426 881 3488 vocali
904 3433 1086 3487 consonante
1109 3426 1299 3487 antecedente
1322 3424 1366 3486 vel
1389 3435 1547 3506 sequente:
1572 3447 1625 3488 an-
1638 3453 1665 3494 su

327 3538 496 3610 tecedente,
519 3542 551 3596 ut
569 3533 654 3604 ‘da',
678 3537 835 3606 sequente,
858 3537 891 3590 ut
912 3529 996 3588 ‘ad'.
1040 3547 1099 3589 nan
1123 3528 1190 3609 plus
1212 3537 1308 3590 amen
1330 3547 1417 3606 quarn
1439 3539 1500 3592 tres
1518 3551 1625 3594 caasa-

326 3646 430 3700 nantes
452 3636 625 3699 antecedere
652 3652 706 3694 nee
729 3649 832 3692 rursus
861 3631 1002 3708 consequi
1030 3631 1088 3692 nisi
1111 3639 1171 3692 tres
1193 3640 1327 3711 possunt
1372 3633 1425 3693 sed
1449 3642 1545 3694 uruca
1567 3635 1625 3695 boc

394 3844 411 3892 2
429 3839 615 3906 conprehensio
632 3837 657 3887 B
680 3836 834 3902 eorrphensia
853 3836 879 3884 K
949 3834 1099 3901 lytterarum
1117 3835 1141 3884 Β
1211 3835 1229 3886 3
1248 3837 1324 3885 etiam
1343 3857 1372 3888 se
1390 3837 1549 3902 singularam
1567 3837 1625 3903 (in)

324 3913 349 3963 Β
420 3909 565 3960 ldilllnire
584 3907 659 3960 GLK
729 3907 829 3970 bquae
857 3921 891 3954 ex
911 3902 950 3968 fyq.
970 3921 1040 3958 carr.
1061 3905 1085 3954 h
1154 3902 1316 3969 indistanter]
1336 3907 1351 3954 b
1371 3907 1557 3958 iudsstuauter
1573 3907 1626 3972 (ee

325 3982 509 4033 indeclinanter
526 3982 553 4030 ni
565 3980 588 4044 s.
605 3979 688 4046 carr.)
705 3977 731 4028 Β
820 3975 886 4036 Quot
905 3974 996 4025 litteris
1013 3973 1108 4026 sillaba
1126 3985 1242 4025 catislare
1260 3984 1344 4041 potest
1361 3976 1400 4025 ad
1414 3993 1494 4043 marp.
1513 3977 1538 4026 L

325 4099 351 4166 n]
377 4101 394 4150 lc
420 4103 451 4151 ab
476 4099 559 4151 ΗΒΚ
606 4071 643 4148 '7
662 4093 719 4162 arx]
744 4112 786 4148 aas
809 4095 856 4148 GL
928 4091 1017 4159 stirps]
1037 4111 1052 4142 r
1075 4096 1193 4162 scripsit
1264 4096 1281 4146 8
1305 4055 1435 4163 erliugulis
1453 4097 1494 4146 Bb
1564 4112 1625 4147 caa-

325 4167 402 4234 stant]
423 4188 438 4219 r
455 4170 603 4222 causteutlt
622 4175 720 4218 consuo
738 4167 763 4216 B
832 4165 970 4218 diiacales
987 4171 1046 4213 sarit
1065 4180 1097 4213 ex
1114 4165 1144 4214 II
1210 4181 1275 4228 quae
1293 4177 1378 4217 autern
1396 4183 1462 4231 quae
1479 4183 1513 4218 ex
1527 4167 1568 4218 Bb

327 4257 359 4309 10
377 4257 575 4307 innumerabiles
594 4255 692 4305 sunt
762 4261 814 4303 tres
833 4252 895 4304 add.
916 4267 932 4300 r
1001 4253 1053 4301 let
1070 4267 1087 4300 u
1104 4252 1151 4302 GL
1211 4252 1242 4302 il
1263 4253 1424 4318 lugenturlt
1496 4255 1528 4306 la
1546 4255 1624 4304 etiarn

326 4341 371 4376 aar.
390 4325 421 4374 H
488 4335 540 4375 turn
565 4341 610 4376 aro.
636 4327 656 4376 G
680 4334 739 4372 turia
765 4325 789 4373 h
859 4319 963 4386 amittit]
986 4337 1002 4370 r
1024 4321 1184 4372 ammittitlt
1206 4324 1328 4374 antititG
1400 4325 1514 4388 requae
1532 4332 1557 4374 et
1575 4324 1625 4372 lin-

325 4394 425 4462 guaed
495 4409 572 4460 sapae
595 4395 618 4446 Β
690 4394 721 4444 15
746 4393 896 4460 productam
919 4391 998 4441 RBK
1066 4391 1100 4442 la
1118 4388 1194 4456 sicut]
1215 4401 1242 4440 ut
1260 4393 1308 4444 (rh
1378 4410 1459 4460 prou
1483 4396 1508 4444 L
1576 4409 1624 4458 po·

326 4465 410 4513 uiuius
437 4463 462 4512 in
487 4465 586 4528 graecis
611 4463 764 4513 dictionibus
789 4464 810 4514 a
880 4464 1000 4528 ponimus
1021 4461 1174 4510 dictionibus
1198 4461 1276 4512 BHL
1349 4464 1379 4513 17
1404 4477 1554 4514 cnirnaniac
1572 4463 1626 4512 RK

325 4532 465 4598 spaudeios
487 4533 534 4584 GL
606 4545 701 4583 sclawo
719 4532 745 4580 K
771 4531 852 4582 acilas
873 4533 920 4583 ul,
990 4536 1081 4582 uwvc'a
1099 4531 1123 4580 Β
1148 4533 1275 4581 saccali
1293 4549 1382 4599 moysa
1398 4534 1445 4584 GL
1516 4533 1549 4582 18
1565 4541 1625 4581 suat

325 4604 463 4652 litterarum
488 4602 511 4650 L
584 4601 615 4651 19
643 4611 726 4650 auteur
750 4617 766 4649 a
789 4601 889 4651 duabus
913 4603 960 4652 GL
1030 4601 1190 4650 inuenisstar
1216 4600 1279 4666 (aa)
1303 4603 1329 4652 B
1399 4605 1434 4653 20
1450 4600 1492 4666 ae]
1513 4619 1528 4649 r
1550 4601 1621 4652 eald

394 4669 489 4735 vocali]
514 4671 598 4722 uocati
622 4677 646 4718 et
672 4669 777 4719 HGLK
799 4672 887 4720 uocate
914 4680 939 4720 et
963 4672 988 4721 B
1058 4669 1223 4720 antecedente
1239 4672 1280 4721 uel
1300 4681 1422 4735 sequente
1440 4687 1486 4722 am.
1506 4671 1553 4722 GL

324 4739 394 4842 llll(
463 4790 494 4842 at
521 4789 559 4839 De
583 4777 779 4842 corisonaatlbus
798 4797 858 4852 quat
875 4769 1029 4854 praecedere
1047 4791 1089 4842 uel
1107 4789 1227 4855 consequi
1246 4798 1356 4856 possunt
1379 4793 1404 4840 ia
1424 4793 1513 4842 eadem
1528 4789 1623 4840 sillaba

323 4861 439 4912 uocaleui
456 4863 481 4911 io
499 4877 546 4926 rap.
566 4861 591 4909 L
662 4869 830 4908 carisonautes
849 4869 900 4908 tres
919 4860 947 4909 K
1015 4865 1050 4912 22
1067 4855 1227 4922 antecedere]
1249 4861 1400 4912 antecedere
1418 4861 1531 4912 accelera
1545 4859 1621 4910 uult

323 4931 502 4983 antecedentes
518 4930 633 4982 uocaleru
653 4931 674 4981 G
692 4928 807 4978 uocalem
824 4930 975 4978 antecedere
990 4928 1006 4977 t
