3600 5584
706 368 914 432 PRAEFATIO
1398 387 1463 428 xxxi

162 558 285 643 grinam
306 555 454 638 delatus,
490 575 557 620 una
582 575 656 618 eum
677 553 852 636 Cicerone,
885 550 1091 632 Ptolemaeo,
1122 545 1276 631 Boethio,
1310 547 1461 631 Euclide,

165 659 312 740 Lucano,
347 657 495 742 Vergilio
502 706 511 740 ,
541 657 660 739 Statio,
691 655 812 720 Ovidis
819 703 828 736 ,
861 653 1032 734 Terentio,
1066 651 1268 738 Hippocrate
1301 651 1462 738 conspicit

166 765 370 830 Priscianum
380 761 528 826 ‘dantem
541 757 659 846 palmis
671 757 822 824 verbera’
838 757 880 838 ¹⁸⁰,
904 756 952 819 sic
963 754 1094 819 saeculo
1109 753 1198 816 XIII
1212 761 1353 844 exeunte
1368 759 1464 838 poeta

164 865 301 932 Adolfus
325 861 490 945 Vlricum,
513 859 744 926 scholasticum
769 856 1074 940 Vindobonensem,
1097 855 1148 918 his
1168 863 1299 941 praeter
1319 854 1386 937 alia
1406 875 1463 916 ex·

165 967 248 1032 tollit
269 964 440 1032 versibus:

311 1067 410 1130 Nunc
433 1086 469 1128 es
488 1060 685 1128 Aristoteles
706 1059 760 1128 vel
782 1081 869 1124 nunc
893 1057 985 1145 [add.
1009 1057 1056 1146 es]
1081 1056 1223 1139 Paulus,
1246 1055 1373 1139 Helias,

371 1168 537 1232 Priscicus
552 1173 586 1230 et
605 1161 736 1245 Cicero,
758 1183 845 1226 nunc
861 1181 896 1224 es
919 1160 1114 1248 Apollonius
1128 1161 1172 1242 ¹²¹,

169 1272 268 1337 sicin
290 1269 463 1334 Antonii
485 1265 791 1347 Beccariensis,
815 1263 936 1328 medici
954 1261 1188 1343 Ferrariensis,
1211 1261 1355 1326 carmine
1377 1263 1466 1325 circa

169 1393 287 1438 annum
311 1373 393 1434 1343
412 1370 561 1436 conlecto
584 1368 626 1432 de
645 1367 738 1432 obitu
754 1368 810 1452 qui
831 1365 1067 1453 perhibebatur
1088 1362 1287 1427 Petrarchse
1308 1364 1395 1428 inter
1414 1385 1466 1427 ar-

168 1485 215 1540 tes
236 1473 387 1558 lugentes
409 1473 515 1559 prima
538 1469 752 1557 grammatica
772 1467 883 1554 prodit
905 1469 1042 1555 eiusque
1064 1467 1219 1532 comitum
1237 1463 1385 1530 ordinem
1407 1466 1465 1530 du·

170 1578 213 1641 cit
231 1575 424 1640 Priscianus
436 1575 480 1638 ¹²².
536 1572 623 1637 haud
647 1571 750 1656 igitur
770 1570 907 1653 mirum,
940 1571 1038 1634 etiam
1066 1568 1152 1634 Italo
1173 1567 1322 1632 eiusdem
1346 1569 1467 1632 aetatis

169 1676 284 1764 pictori
313 1676 385 1742 sira
413 1673 561 1742 Ioanni
591 1671 814 1759 campensi
838 1673 910 1738 sive
931 1669 1082 1736 Iacobo
1102 1669 1355 1756 Nipozaano,
1393 1691 1467 1733 cum

171 1776 328 1844 ecclesias
355 1776 389 1842 S.
411 1777 538 1842 Mariae
561 1772 719 1840 Novella'e
747 1772 958 1840 Florentinas
987 1771 1167 1860 capitulum
1194 1769 1467 1857 Hispaniensium

172 1890 300 1968 praeter
327 1878 394 1944 alia
414 1878 517 1944 multa
538 1876 798 1964 quattuordecim
821 1878 980 1944 virtutum
1001 1884 1034 1940 et
1055 1873 1175 1938 artium
1197 1873 1313 1958 figuris
1331 1894 1468 1939 exorna·

170 1991 219 2046 ret
238 1983 347 2068 iisque
377 1979 516 2065 singulis
545 1978 692 2066 singulos
719 1983 808 2045 viros
838 1987 1006 2065 tamquam
1034 1976 1197 2040 antistites
1224 1975 1377 2058 adderet,
1403 1977 1469 2040 iuri

171 2084 258 2149 civili
277 2083 514 2162 Iustinianum,
534 2079 760 2144 arithmeticas
776 2079 1021 2168 Pythagoram,
1041 2077 1233 2142 dialecticae
1247 2078 1468 2160 Aristotelem,

172 2187 351 2251 rhetoricae
374 2175 567 2248 Ciceronem
589 2188 667 2264 etc,
690 2182 895 2248 Priscianum
916 2180 1052 2265 dignum
1067 2181 1175 2245 visum
1197 2202 1285 2264 esse,
1308 2181 1365 2266 qui
1386 2181 1467 2244 artis

173 2288 404 2372 grammaticae
428 2286 518 2350 vices
536 2290 658 2370 ageret.

218 2399 220 2402 ’
255 2385 321 2452 Sed
349 2387 460 2452 missis
489 2383 557 2468 his,
591 2405 674 2470 quse
693 2385 807 2469 augeri
829 2381 928 2448 facile
950 2395 1104 2472 possunt,
1126 2406 1232 2474 pauca
1254 2385 1295 2450 de
1316 2385 1390 2473 ipsa
1407 2385 1469 2450 hae

174 2489 313 2555 editione
335 2487 487 2554 addenda
509 2493 595 2550 sunt.
647 2487 699 2550 cui
720 2493 851 2573 praeter
869 2495 1062 2573 apparatum
1079 2487 1228 2551 criticum
1256 2487 1382 2574 amplos
1414 2487 1471 2552 ad·

175 2591 247 2656 dere
268 2589 582 2656 commentarios
610 2611 648 2653 eo
670 2587 778 2652 minus
801 2610 844 2654 ex
876 2589 1041 2654 revisum
1063 2599 1129 2674 est,
1164 2590 1252 2678 quod
1277 2591 1367 2677 ipsos
1394 2589 1469 2654 reli-

175 2713 306 2779 quorum
332 2693 618 2778 grammaticorum
637 2689 725 2756 locos
745 2690 788 2754 sd
810 2690 958 2778 singulas
981 2693 1135 2756 materias
1158 2691 1367 2756 aPrisciano
1386 2699 1470 2756 trac-

175 2803 257 2858 tatas
281 2802 467 2882 spectantes
489 2791 682 2858 indicabunt
703 2791 880 2876 indices,
900 2815 982 2880 quos
998 2791 1137 2878 singulis
1151 2792 1339 2858 auctoribus
1351 2815 1411 2880 per
1423 2801 1470 2857 to·

175 2905 240 2960 turn
257 2896 320 2962 hoe
342 2897 628 2982 grammaticorum
646 2893 838 2960 Latinorum
858 2915 975 2982 corpus
996 2893 1165 2960 addendos
1188 2893 1317 2960 curabit
1328 2893 1470 2977 Kailios,

245 3069 295 3121 120
310 3085 337 3120 r.
354 3070 398 3120 the
413 3069 487 3120 Latin
503 3083 593 3136 poema
612 3067 757 3135 commonly
774 3069 912 3120 attributed
930 3077 954 3118 to
972 3068 1072 3120 Walter
1087 3071 1175 3136 Mapcs
1193 3071 1234 3122 ed.
1253 3071 1303 3124 Th.
1325 3071 1471 3138 Wrightius

179 3155 284 3207 londin.
304 3156 370 3208 1841
393 3171 418 3222 p.
437 3153 454 3205 3
474 3155 508 3210 cl.
535 3155 599 3210 ibid.
622 3171 649 3222 p.
669 3155 718 3207 171
742 3157 863 3206 manicis
883 3157 917 3206 de
938 3155 1088 3207 concubinis
1111 3155 1275 3208 sacerdotnm
1292 3159 1360 3209 circa
1377 3174 1471 3209 annum

181 3243 244 3294 1215
262 3243 397 3309 compositi
422 3243 535 3294 isitium:
565 3243 691 3293 Prisciani
714 3241 803 3309 regula
828 3243 930 3308 penitus
951 3250 1080 3308 cassatur,
1107 3241 1265 3294 ‘Sacerdos’
1283 3261 1330 3312 per
1347 3245 1421 3295 ‘tric’
1448 3250 1473 3293 et
1543 3227 1547 3232 ⁸

180 3330 270 3380 ‘haec’
285 3330 348 3380 olim
366 3327 540 3379 declinabstur
558 3323 597 3392 [f.
617 3327 791 3394 declinatur]:
816 3329 868 3380 Sed
885 3345 932 3396 per
953 3329 1027 3380 ‘liic’
1052 3328 1212 3381 solummodo
1230 3345 1297 3380 nunc
1314 3329 1472 3392 articulatur,

179 3415 239 3466 Cum
255 3429 303 3481 per
321 3422 434 3466 nostrum
452 3413 596 3482 praesulem
613 3413 710 3464 ‘haee’
729 3405 876 3468 amoveatur
964 3416 1013 3468 121
1032 3415 1142 3466 Adollus
1160 3416 1246 3467 tabula
1263 3415 1300 3468 xl
1316 3431 1360 3482 ap.
1378 3415 1473 3484 Israe-

179 3517 234 3554 rum
249 3503 309 3556 hist.
330 3509 399 3569 poet.
417 3501 486 3554 med.
506 3517 562 3553 sav.
580 3517 606 3568 p.
626 3501 695 3554 2035
713 3499 838 3570 (1135),
866 3503 910 3554 ubi
930 3517 977 3568 pro
1002 3501 1105 3565 ‘Paula
1124 3503 1215 3554 Helia’
1235 3503 1303 3555 Petri
1320 3503 1408 3556 ileliae
1427 3519 1473 3556 no-

180 3603 237 3639 men
253 3588 459 3640 substituendum
477 3603 534 3640 esse
550 3589 681 3655 perspexit
699 3587 768 3644 Gnil.
788 3589 1009 3656 Giescbrachtins,
1027 3589 1069 3639 cui
1086 3588 1163 3640 huius
1180 3590 1230 3640 loci
1244 3591 1362 3641 notitiam
1379 3590 1471 3645 debeo.

180 3675 246 3726 idem
259 3691 301 3728 me
317 3675 404 3727 docuit
415 3675 501 3726 Adolll
518 3674 620 3726 tabulas
637 3689 688 3724 non
703 3675 737 3726 ad
754 3690 849 3727 anunm
859 3675 928 3728 1315
936 3677 1080 3741 pertinere,
1100 3691 1165 3739 quae
1181 3684 1219 3727 est
1232 3678 1359 3729 sentsmla
1368 3678 1473 3742 leyscri

180 3777 205 3828 p.
217 3761 285 3814 2007
296 3769 322 3814 et
332 3760 472 3828 Bisdingsri
489 3761 515 3811 iu
533 3775 625 3812 comm.
642 3775 675 3812 ex
686 3769 735 3818 act.
749 3763 825 3818 class.
837 3764 902 3830 phil.
912 3765 972 3815 hist.
982 3765 1056 3816 acad.
1066 3764 1177 3815 vindob.
1187 3763 1238 3814 vol.
1250 3763 1311 3814 11111
1320 3781 1349 3831 p.
1358 3763 1473 3828 tltsqq.

181 3850 284 3900 seorsim
301 3863 428 3914 expressa
445 3848 508 3898 iiber
526 3847 611 3913 sinige
629 3847 706 3900 liests
726 3849 771 3900 der
788 3851 1014 3916 Vagaoteupocsie
1031 3852 1057 3900 in
1074 3849 1248 3916 Oestsrrcich,
1271 3849 1384 3903 Viudob.
1405 3851 1473 3901 1851

181 3949 206 4000 p.
223 3936 270 3996 21,
297 3935 346 3984 sed
369 3935 403 3985 ad
424 3947 517 3984 annum
543 3933 617 3986 1285.
647 3936 679 3986 de
696 3937 782 3988 Vlricc
801 3937 835 3988 ci.
855 3938 964 3988 eundem
980 3937 1155 4004 Bidingcrum
1173 3938 1190 3987 l.
1211 3953 1234 3987 c.
1250 3952 1278 4002 p.
1298 3938 1334 3986 22
1353 3952 1410 3999 sq.,
1438 3935 1471 3985 de

181 4020 272 4070 adolfo
290 4020 432 4087 Leyserum
456 4037 482 4086 p.
502 4019 570 4071 2007
589 4037 646 4084 sqq.
666 4023 796 4075 PrIscicus
818 4029 903 4073 autem
924 4038 999 4073 nemo
1027 4030 1067 4074 est
1087 4023 1139 4074 nisi
1157 4021 1316 4085 Priscianus,
1343 4022 1387 4084 qni
1410 4019 1473 4070 alibi

180 4107 289 4162 Prisclm
307 4109 468 4172 nominatur,
492 4104 571 4156 ueluti
589 4107 615 4154 'tn
629 4107 744 4176 llugcnis
758 4109 961 4177 Trimbsrgensis
978 4110 1087 4176 registro
1105 4109 1242 4160 multorum
1258 4115 1405 4173 auctorum,
1430 4106 1476 4156 ubl

179 4193 273 4244 codicis
289 4193 437 4260 periegcsis
458 4193 620 4242 Prisciaueac
638 4196 765 4248 mentione
787 4197 877 4260 allata,
898 4195 1024 4247 Prisciani
1041 4210 1058 4245 a
1075 4194 1125 4246 ilde
1142 4193 1287 4246 (aliristiana
1304 4193 1414 4245 delectio
1432 4193 1477 4244 ds-

177 4279 289 4348 ploratur
313 4280 349 4331 cl.
375 4279 515 4345 llauptium
535 4277 654 4332 Barichts
677 4281 723 4332 der
743 4297 843 4349 prensa.
866 4283 1010 4334 Akadamia
1031 4283 1078 4334 der
1098 4282 1261 4358 wissensch,
1288 4281 1355 4334 1851
1378 4295 1405 4347 p.
1425 4279 1475 4330 111

246 4369 297 4420 122
315 4383 341 4419 v.
363 4367 389 4418 ιο
407 4365 715 4420 remediaremus
733 4369 773 4424 eo.
793 4369 823 4422 n.
843 4359 973 4422 mneos·
989 4369 1089 4420 seuva
1108 4367 1173 4420 1⁸37
1193 4369 1216 4418 11
1232 4367 1298 4420 est:

514 4453 686 4506 Gammausa
703 4469 746 4506 era
764 4457 848 4523 prima
864 4458 891 4508 iu
909 4463 998 4522 questo
1016 4455 1105 4521 planto

513 4539 535 4590 E
553 4554 601 4590 000
620 4541 654 4592 lei
671 4541 804 4593 Prisciano
822 4542 855 4595 cd
872 4545 1029 4611 Vgoecione,

511 4630 606 4696 Papia,
625 4627 755 4680 Grecismo
774 4647 788 4680 e
805 4609 960 4688 Dcttridala3
1008 4686 1012 4693 ‚

515 4715 643 4766 Dicendo:
663 4729 705 4766 aar
721 4715 825 4780 flgluol,
845 4723 872 4764 tu
890 4715 983 4765 amasti
1000 4721 1070 4765 tauto

516 4799 553 4850 La
571 4801 623 4850 mla
638 4801 741 4851 scisura
757 4799 791 4850 lln
809 4799 903 4867 picciol
921 4815 1033 4868 ganono

516 4884 587 4937 Glr'io
606 4899 657 4938 nou
674 4887 757 4938 traval
776 4900 791 4936 a
808 4893 833 4938 ts
853 4884 945 4937 alcano
963 4881 1123 4952 sgadPstc.
