3600 5584
670 376 783 441 LIBER
801 376 855 441 llll
876 388 911 445 27
917 390 993 443 -30
1410 382 1471 447 595

254 524 260 536 .
328 494 351 534 o.
1273 528 1280 540 .

186 493 394 645 quleffilacit
414 562 633 641 obscenum,
657 564 809 627 assidue
829 566 1056 645 postposita.
1101 569 1211 647 antiqui
1238 498 1336 631 alell
1351 498 1519 651 ⁶2⁶¹)qu

187 665 388 727 observatione
411 665 535 727 naturali
557 667 659 729 ordine
680 668 752 729 haee
774 666 933 748 protulisse
951 667 1144 731 inveniuntur.
1189 670 1267 747 nulla
1288 678 1387 733 tamen
1407 692 1471 735 mo·

186 766 334 849 nosyllaba
357 766 534 847 praepositio
558 770 754 851 anastrophen
779 769 887 850 patitur
912 764 1061 851 disiice,
1088 776 1118 830 et
1138 771 1270 833 fortassis
1293 771 1359 832 ideo
1380 773 1470 835 eucli-

186 870 235 933 tici
255 869 317 930 vice
337 867 480 945 iungitur,
503 870 570 947 quia
589 870 722 935 enclitica
744 871 944 951 monosyllaba
966 880 1050 933 sunt:
1072 875 1163 952 ‘que‚
1190 892 1241 947 vo,
1270 877 1337 933 ne’.

143 994 157 1035 ι
268 970 329 1030 Nec
358 969 479 1046 numm,
510 990 598 1052 supra
624 973 700 1035 dicta
728 973 900 1054 pronomina
923 973 1011 1035 unius
1035 992 1123 1035 causa
1151 975 1228 1037 idem
1249 974 1325 1056 pati,
1353 994 1420 1037 cum
1437 976 1468 1038 in

81 1132 85 1141 ,
186 1073 250 1134 aliis
270 1089 386 1151 quoque
405 1071 577 1151 quibusdam
597 1075 751 1137 structuris
771 1076 844 1136 haec
863 1074 964 1135 eadem
986 1075 1047 1149 sqla
1069 1094 1239 1137 communes
1260 1077 1369 1139 habent
1381 1095 1470 1156 quas·

185 1174 252 1235 dam
279 1173 481 1254 proprietates.
527 1176 684 1238 ‘interest'
713 1184 743 1238 et
770 1177 893 1238 ‘refert’
921 1176 1054 1255 genetivo
1082 1178 1175 1239 solent
1201 1177 1319 1257 adiungi
1339 1178 1469 1243 omnium

184 1275 343 1337 casualium
366 1275 477 1355 absque
502 1296 590 1358 supra
616 1279 700 1342 dictis
723 1280 850 1358 quinque
872 1278 1110 1360 pronominibus,
1137 1298 1191 1360 pro
1210 1297 1335 1358 quorum
1356 1282 1468 1359 geneti

182 1378 224 1440 ris
256 1376 395 1439 ablativos
425 1378 560 1458 ponimus
587 1383 836 1460 possessivorum,
865 1390 898 1443 ut
925 1381 1081 1443 ‘interest’
1109 1389 1139 1442 ct
1162 1382 1270 1442 ‘refert
1298 1400 1381 1458 mea,
1409 1391 1467 1458 tua,

146 1502 171 1545 vo
184 1498 252 1555 sua,
288 1488 402 1555 nosue,
436 1486 560 1543 vestra'.
611 1483 714 1545 ‘cuia'
736 1500 851 1563 quoque
873 1482 978 1543 infiniti
999 1484 1198 1564 possessivum
1213 1502 1280 1544 cum
1303 1484 1468 1565 supradic-

182 1583 220 1645 tis
240 1582 337 1645 verbis
355 1601 409 1663 pro
431 1584 563 1661 genetivo
585 1585 721 1665 primitivi
740 1585 859 1666 ponitur
879 1618 893 1631 ·
917 1584 1050 1647 Cicero
1067 1604 1121 1665 pro
1142 1585 1299 1647 Vareno:
1321 1605 1361 1647 ca
1383 1606 1468 1647 cae-

182 1686 247 1747 des
281 1686 312 1747 si
345 1682 580 1766 potissimum
608 1687 755 1749 crimini
784 1688 910 1762 datur,
945 1687 1057 1749 detur
1083 1686 1132 1761 ei,
1168 1687 1249 1748 cuia
1274 1687 1465 1763 interfuit,
1537 1737 1543 1747 .

182 1806 254 1848 non
284 1787 330 1861 ei,
357 1787 440 1850 cuia
468 1786 565 1849 nibil
585 1789 765 1851 interluit
783 1837 810 1865 .,
838 1790 923 1855 mins
944 1788 1051 1868 genu'le
1069 1808 1128 1852 non
1151 1789 1244 1853 solum
1269 1788 1395 1865 ‘ouiss’,
1413 1790 1467 1851 scd

182 1890 268 1951 etiam
289 1887 426 1951 ‘cuiatis’
439 1888 634 1970 'proterebant
655 1891 799 1954 communi
819 1908 935 1970 genere.
980 1889 1132 1951 Plautus
1153 1890 1184 1950 in
1206 1888 1388 1953 Poenulo:

143 2018 169 2059 ιι
346 1990 438 2063 Quid
460 1990 525 2065 sit,
548 1994 702 2068 cuiatis,
724 1995 818 2057 unde
839 1993 906 2067 sit,
932 2011 977 2053 ne
1001 1993 1182 2072 parscris.
1204 2026 1220 2038 ·
1448 1989 1454 2003 '

344 2092 438 2165 Quid
458 2090 536 2176 est?
558 2093 701 2157 cuiates
724 2092 841 2157 estis?
863 2102 926 2155 aut
946 2112 1015 2173 quo
1037 2113 1078 2155 ex
1099 2093 1260 2175 oppido?

181 2199 266 2278 ‘pte'
289 2214 406 2277 quoque
422 2214 456 2257 ea
475 2194 582 2257 solain
603 2196 705 2258 ecdem
725 2196 849 2259 ablativo
875 2215 1025 2259 assumere
1049 2196 1158 2259 solent:
1183 2200 1329 2280 meapte,
1353 2206 1461 2278 tuapte,
1479 2213 1514 2267 ao

133 2372 135 2375 ¹
183 2306 302 2380 suapte,
324 2304 491 2376 nostrapte,
515 2301 684 2379 vestrapte'.

227 2438 233 2451 ·
265 2400 323 2462 Sed
345 2400 370 2461 si
391 2416 478 2478 quem
501 2400 576 2459 torte
597 2401 703 2479 tangit,
726 2402 802 2480 qnod
820 2402 850 2463 in
871 2400 930 2461 tine
950 2402 987 2462 sit
1009 2401 1099 2461 ‘cum'
1119 2400 1311 2480 praeposito,
1334 2400 1364 2461 in
1385 2418 1464 2461 com

141 2501 326 2581 repositione
347 2510 442 2563 autem
464 2501 531 2582 plus
553 2501 666 2563 dicatur
689 2503 785 2564 valere
806 2521 840 2563 ea
862 2522 947 2583 pars,
969 2502 1093 2581 quaein
1114 2502 1246 2578 finesit,
1273 2502 1363 2577 sciat,
1385 2499 1465 2580 quod

180 2604 401 2666 coniunctiones
427 2611 455 2665 et
481 2604 712 2684 praepositiones
735 2615 764 2665 et
787 2602 922 2665 adverbia
943 2603 1001 2665 vim
1022 2604 1172 2665 nominum
1194 2605 1238 2665 vol
1260 2602 1471 2683 pronominum·

180 2712 246 2767 ante
274 2726 306 2767 se
334 2706 495 2786 posimrum
521 2706 551 2767 in
582 2704 792 2786 compositione
821 2726 880 2768 non
915 2712 1045 2780 mutant,
1076 2712 1108 2767 ut
1142 2708 1297 2785 ‘uterqutq
1330 2704 1464 2783 quisque,

180 2806 370 2887 quicumque,
407 2806 641 2886 qualiscumque,
668 2806 803 2882 totidem,
838 2807 930 2883 idem,
960 2808 1164 2881 tantundem'‚
1197 2809 1279 2870 cuius
1314 2808 1465 2889 genetivus
1563 2753 1583 2906 l

180 2908 261 2971 solus
281 2928 314 2969 ea
336 2908 462 2989 obliquis
484 2909 512 2971 in
534 2929 591 2971 usu
608 2908 768 2983 invenitur,
791 2910 955 2973 ‘tantidem'
973 2908 1203 2971 -Terentius
1223 2910 1254 2971 in
1275 2908 1463 2990 adelphis:

140 3032 168 3073 as
641 3010 819 3072 tantidem
848 3020 1005 3093 emptam
1022 3058 1051 3085 .,

181 3112 259 3191 quod
287 3113 419 3193 quamvis
447 3112 576 3173 videatur
601 3130 655 3192 pro
677 3110 832 3173 ‘eiusdem’
855 3114 941 3194 poni,
964 3098 1066 3174 'tamen
1092 3113 1236 3191 significat
1263 3112 1461 3191 quantitatem,

180 3234 254 3293 quae
276 3215 305 3275 in
324 3212 496 3295 pronomine
517 3232 583 3275 esse
603 3212 722 3273 minime
741 3220 853 3293 potest,
875 3215 953 3293 quod
973 3214 1164 3276 substantiam
1186 3214 1298 3288 solum,
1320 3220 1353 3274 ut
1373 3232 1462 3291 saepe

179 3318 318 3391 elisimus,
349 3317 500 3395 significat.
545 3323 590 3377 est
618 3316 704 3395 igitur
730 3336 854 3392 nomen,
883 3318 1036 3395 quomodo
1053 3326 1083 3377 et
1107 3317 1229 3397 simplex
1250 3315 1329 3389 cius,
1351 3315 1462 3375 ‘tantus

178 3428 259 3481 tanta
289 3423 422 3482 tantum’.
473 3436 544 3479 usus
570 3436 685 3497 quoque
713 3417 770 3479 hoc
797 3420 958 3481 confirmat.
1003 3418 1181 3480 ‘tantidem'
1203 3416 1274 3479 dixit
1299 3417 1462 3496 ‘emptam’,

251 3606 442 3709 lulcenumti
531 3658 649 3721 assiduae
667 3658 706 3706 lir
724 3618 846 3706 adsiduae
862 3656 892 3709 H
977 3627 1243 3722 iobpseruationeli
1329 3654 1412 3707 {inici
1430 3669 1461 3703 ea

179 3729 336 3781 fortassis&
423 3725 541 3792 enclitici]
560 3744 574 3775 r
593 3727 698 3777 encliuei
717 3726 739 3775 Ii
761 3726 878 3793 errclytiei
896 3727 921 3776 D
939 3727 1054 3821 pucletici
1070 3726 1099 3777 K
1170 3726 1326 3779 deocletioe
1339 3724 1394 3774 ΒΚ

179 3808 277 3915 que⁰lae
297 3850 330 3899 ct
402 3840 454 3898 ''ue
470 3840 552 3899 'ueG
626 3846 947 3913 dquoque]deoque1l
1022 3807 1142 3899 salmones
1161 3849 1184 3898 D
1202 3804 1348 3908 communius
1366 3845 1396 3895 H

443 3927 453 3955 Β

178 3971 287 4022 habeant
305 3970 329 4019 L
399 3968 737 4037 quadispropriaetetest
752 3958 941 4035 ”proprietates
958 3960 1136 4032 'quasdamd'
1205 3968 1459 4035 tpropriaeuteslt

250 4039 278 4090 ll
298 4039 420 4104 primitiui
435 4040 535 4093 addai
607 4039 658 4091 Cio.
674 4054 723 4101 pro
744 4039 846 4089 Vareno
864 4054 902 4089 cr.
918 4040 955 4102 fr.
972 4040 989 4091 9
1004 4055 1031 4103 ρ.
1050 4039 1102 4092 443
1119 4037 1164 4093 Or.
1242 4052 1345 4089 marene
1362 4036 1391 4086 K
1423 4099 1425 4102 Ι

180 4111 270 4176 oqedes
288 4110 327 4159 Iir
399 4109 429 4157 ta
447 4110 469 4157 si
487 4110 585 4159 crimini
604 4108 692 4169 datur,
715 4107 787 4157 detur
805 4109 828 4157 ci
847 4110 1008 4174 potissimum
1018 4110 1144 4159 Patricius
1212 4109 1318 4159 cremiui
1334 4106 1389 4157 LK
1404 4123 1457 4157 ore·

179 4180 288 4232 minaG
363 4179 437 4229 datur
451 4178 524 4228 datur
541 4178 612 4229 detur
628 4194 644 4226 r
718 4174 753 4242 ei]
770 4193 786 4226 r
803 4177 866 4227 etii
885 4179 925 4227 aei
944 4178 974 4227 ΙΙ
1043 4186 1101 4241 post
1118 4178 1243 4229 interfuit:
1263 4193 1313 4231 non
1330 4206 1363 4213 -
1381 4178 1458 4226 iuter·

179 4249 304 4303 tuttadd.
322 4264 338 4297 r
404 4248 436 4299 13
453 4246 515 4297 nihil
533 4264 614 4311 spser.
634 4249 660 4297 io
678 4248 702 4297 L
789 4248 968 4299 ldccmmune
985 4248 1011 4297 B
1079 4249 1165 4298 Plani.
1186 4249 1264 4299 Poen.
1283 4249 1306 4296 V
1323 4248 1349 4303 2,
1366 4247 1400 4299 33
1416 4264 1457 4313 aq.

178 4321 211 4385 es.
230 4320 272 4370 tto.
288 4317 360 4367 xvu
378 4320 394 4381 ς
413 4318 446 4369 23
523 4318 548 4366 in
566 4318 676 4369 Poenulo
695 4318 782 4367 oum
858 4316 952 4382 pqnulo
970 4317 1024 4367 cla
1038 4318 1132 4384 peoulo
1149 4316 1255 4369 IiBLK
1328 4316 1360 4366 15
1378 4314 1455 4381 Quid]

177 4392 214 4441 sic
232 4388 292 4439 libri
305 4389 378 4437 etiem
395 4387 438 4437 tio.
457 4386 527 4437 XVII
545 4389 561 4436 l.
580 4390 597 4437 i.
617 4388 660 4450 qui
679 4387 784 4441 Plantas
860 4386 977 4453 quopatis
990 4387 1074 4438 Plorat.
1093 4389 1161 4439 Pati.
1238 4387 1328 4436 cuiatis
1347 4393 1373 4436 ut
1391 4386 1457 4436 desit

180 4460 205 4511 B
282 4453 405 4523 parseris]
425 4458 572 4523 dpnsseris
589 4456 769 4507 RBDHGLK
784 4457 890 4521 pariaris
907 4457 976 4505 Pali.
1064 4456 1096 4507 16
1110 4456 1177 4517 Quid
1195 4454 1243 4521 est]
1259 4472 1275 4505 r
1289 4456 1391 4520 quidem
1406 4455 1457 4507 RB

178 4532 233 4579 Auo
252 4527 318 4577 Pali.
412 4526 526 4589 quoiates
544 4527 612 4576 Part.
700 4527 764 4593 estis
779 4528 803 4577 D
888 4525 950 4575 estis
967 4526 1035 4577 unde
1053 4537 1096 4579 aut
1112 4524 1225 4591 quos(d)
1241 4525 1266 4576 Ii
1308 4526 1328 4543 ⁶
1355 4540 1387 4575 ex
1405 4542 1455 4589 qno

178 4598 203 4649 B
272 4593 448 4661 lestquem]
468 4596 539 4645 risi
558 4594 659 4659 quidem
674 4596 727 4649 RH
779 4602 866 4658 *port
883 4594 933 4644 flue
949 4596 983 4645 sit
999 4611 1055 4661 sqq.
1074 4623 1110 4633 -
1126 4596 1174 4647 tine
1192 4598 1225 4645 sit
1240 4595 1302 4645 add.
1319 4612 1336 4645 r
1421 4594 1455 4645 20

821 4674 846 4702 10
1271 4673 1316 4703 Mil

179 4734 209 4769 ea
225 4732 285 4783 pars
302 4716 388 4767 ualere
407 4717 429 4769 G
497 4714 539 4781 sit]
558 4716 586 4765 ne
603 4717 651 4767 GK
720 4718 753 4766 22
771 4726 828 4768 ante
845 4716 986 4782 positorum
995 4716 1035 4766 Iir
1103 4717 1287 4783 compositione
1303 4723 1399 4765 mutant
1414 4716 1453 4767 Ην

246 4788 280 4837 24
296 4788 321 4835 in
337 4802 384 4837 usu
403 4802 449 4841 om.
468 4788 490 4839 θ
567 4786 626 4836 Ter.
641 4786 740 4848 adelini.
762 4788 783 4835 11
803 4786 833 4846 1,
851 4786 886 4837 46
959 4787 986 4835 in
1005 4785 1122 4853 adelphis
1139 4788 1223 4838 ornG
1290 4786 1413 4852 adetpbps
1428 4786 1453 4836 Ii

245 4858 278 4908 25
296 4864 387 4906 emtam
408 4854 434 4906 H
508 4856 541 4906 26
559 4854 631 4921 poni]
646 4872 661 4904 r
676 4870 755 4920 prono
774 4855 797 4905 Ii
869 4858 903 4908 27
920 4855 1086 4907 substantiam
1103 4864 1131 4906 ut
1148 4870 1212 4922 sepe
1227 4856 1339 4907 diximus
1355 4855 1453 4922 signiti-

177 4934 217 4976 cat
234 4926 314 4978 solam
331 4925 359 4978 K
426 4926 507 4978 solam
523 4926 569 4976 GL
638 4924 672 4975 29
689 4932 772 4991 eptam
791 4924 813 4975 c

1183 5003 1248 5070 38*
