<?xml version="1.0" encoding="UTF-8"?>
<!DOCTYPE html PUBLIC "-//W3C//DTD XHTML 1.0 Transitional//EN"
    "http://www.w3.org/TR/xhtml1/DTD/xhtml1-transitional.dtd">
<html xmlns="http://www.w3.org/1999/xhtml" xml:lang="en" lang="en">
 <head>
  <title>
</title>
<meta http-equiv="Content-Type" content="text/html;charset=utf-8" />
  <meta name='ocr-system' content='tesseract 3.04.00' />
  <meta name='ocr-capabilities' content='ocr_page ocr_carea ocr_par ocr_line ocrx_word'/>
</head>
<body>
  <div class='ocr_page' id='page_1' title='image "./grammaticilatin01hagagoog_0228.png"; bbox 0 0 3600 5584; ppageno 0'>
   <div class='ocr_carea' id='block_1_1' title="bbox 309 318 1196 401">
    <p class='ocr_par' dir='ltr' id='par_1_1' title="bbox 309 318 1196 401">
     <span class='ocr_line' id='line_1_1' title="bbox 309 318 1196 401; baseline -0.003 -2"><span class='ocrx_word' id='word_1_1' title='bbox 309 337 367 401; x_wconf 80' lang='lat' dir='ltr'><strong>raa</strong></span> <span class='ocrx_word' id='word_1_2' title='bbox 799 334 987 399; x_wconf 81' lang='lat' dir='ltr'><strong>ratscvrur</strong></span> <span class='ocrx_word' id='word_1_3' title='bbox 1009 334 1105 399; x_wconf 83' lang='lat' dir='ltr'><strong>mar.</strong></span> <span class='ocrx_word' id='word_1_4' title='bbox 1192 318 1196 325; x_wconf 79' lang='grc'><em>“</em></span> 
     </span>
    </p>
   </div>
   <div class='ocr_carea' id='block_1_2' title="bbox 306 446 1614 599">
    <p class='ocr_par' dir='ltr' id='par_1_2' title="bbox 306 446 1614 599">
     <span class='ocr_line' id='line_1_2' title="bbox 374 446 1545 495; baseline -0.006 -1"><span class='ocrx_word' id='word_1_5' title='bbox 374 483 380 495; x_wconf 95' lang='grc'>.</span> <span class='ocrx_word' id='word_1_6' title='bbox 434 481 440 492; x_wconf 91' lang='grc'><strong>.</strong></span> <span class='ocrx_word' id='word_1_7' title='bbox 496 451 520 493; x_wconf 85' lang='lat' dir='ltr'><strong>r.</strong></span> <span class='ocrx_word' id='word_1_8' title='bbox 1456 447 1505 489; x_wconf 77' lang='lat' dir='ltr'><strong>‚m</strong></span> <span class='ocrx_word' id='word_1_9' title='bbox 1518 446 1545 487; x_wconf 81' lang='lat' dir='ltr'><strong>a.</strong></span> 
     </span>
     <span class='ocr_line' id='line_1_3' title="bbox 306 452 1614 599; baseline -0.006 -11"><span class='ocrx_word' id='word_1_10' title='bbox 306 527 339 587; x_wconf 88' lang='lat' dir='ltr'><strong>lit</strong></span> <span class='ocrx_word' id='word_1_11' title='bbox 357 452 484 594; x_wconf 55' lang='grc' dir='ltr'><strong>111ξῖ1ιηῖ</strong></span> <span class='ocrx_word' id='word_1_12' title='bbox 505 525 535 585; x_wconf 90' lang='lat' dir='ltr'><strong>in</strong></span> <span class='ocrx_word' id='word_1_13' title='bbox 560 524 628 583; x_wconf 84' lang='lat' dir='ltr'><strong>line.</strong></span> <span class='ocrx_word' id='word_1_14' title='bbox 672 520 868 582; x_wconf 77' lang='lat' dir='ltr'><strong>nominativus</strong></span> <span class='ocrx_word' id='word_1_15' title='bbox 892 527 992 582; x_wconf 89' lang='lat' dir='ltr'><strong>tamen</strong></span> <span class='ocrx_word' id='word_1_16' title='bbox 1021 522 1081 583; x_wconf 83' lang='lat' dir='ltr'><strong>sive¹</strong></span> <span class='ocrx_word' id='word_1_17' title='bbox 1104 529 1220 595; x_wconf 85' lang='lat' dir='ltr'><strong>rectus,</strong></span> <span class='ocrx_word' id='word_1_18' title='bbox 1250 520 1330 581; x_wconf 86' lang='lat' dir='ltr'><strong>velut</strong></span> <span class='ocrx_word' id='word_1_19' title='bbox 1352 460 1527 597; x_wconf 68' lang='lat' dir='ltr'><strong>quibuisdam</strong></span> <span class='ocrx_word' id='word_1_20' title='bbox 1550 520 1614 599; x_wconf 90' lang='lat' dir='ltr'><strong>pla·</strong></span> 
     </span>
    </p>
   </div>
   <div class='ocr_carea' id='block_1_3' title="bbox 307 619 1655 1003">
    <p class='ocr_par' dir='ltr' id='par_1_3' title="bbox 307 619 1787 1071">
     <span class='ocr_line' id='line_1_4' title="bbox 307 619 1615 704; baseline -0.003 -17"><span class='ocrx_word' id='word_1_21' title='bbox 307 634 370 700; x_wconf 88' lang='lat' dir='ltr'><strong>cet,</strong></span> <span class='ocrx_word' id='word_1_22' title='bbox 400 626 478 704; x_wconf 90' lang='lat' dir='ltr'><strong>quod</strong></span> <span class='ocrx_word' id='word_1_23' title='bbox 504 644 521 686; x_wconf 90' lang='lat' dir='ltr'><strong>a</strong></span> <span class='ocrx_word' id='word_1_24' title='bbox 551 623 681 703; x_wconf 83' lang='lat' dir='ltr'><strong>generali</strong></span> <span class='ocrx_word' id='word_1_25' title='bbox 704 622 823 683; x_wconf 90' lang='lat' dir='ltr'><strong>nomine</strong></span> <span class='ocrx_word' id='word_1_26' title='bbox 844 621 875 681; x_wconf 88' lang='lat' dir='ltr'><strong>in</strong></span> <span class='ocrx_word' id='word_1_27' title='bbox 898 622 1037 702; x_wconf 83' lang='lat' dir='ltr'>specialia</span> <span class='ocrx_word' id='word_1_28' title='bbox 1059 622 1152 696; x_wconf 88' lang='lat' dir='ltr'><strong>cadit,</strong></span> <span class='ocrx_word' id='word_1_29' title='bbox 1182 640 1270 683; x_wconf 88' lang='lat' dir='ltr'><strong>casus</strong></span> <span class='ocrx_word' id='word_1_30' title='bbox 1291 619 1456 699; x_wconf 89' lang='lat' dir='ltr'><strong>appellatur</strong></span> <span class='ocrx_word' id='word_1_31' title='bbox 1473 629 1541 681; x_wconf 92' lang='lat' dir='ltr'><strong>-ut</strong></span> <span class='ocrx_word' id='word_1_32' title='bbox 1563 622 1615 683; x_wconf 86' lang='lat' dir='ltr'><strong>sti·</strong></span> 
     </span>
     <span class='ocr_line' id='line_1_5' title="bbox 307 718 1612 807; baseline -0.003 -20"><span class='ocrx_word' id='word_1_33' title='bbox 307 727 368 789; x_wconf 90' lang='lat' dir='ltr'><strong>lum</strong></span> <span class='ocrx_word' id='word_1_34' title='bbox 406 744 524 805; x_wconf 88' lang='lat' dir='ltr'><strong>quoque</strong></span> <span class='ocrx_word' id='word_1_35' title='bbox 561 741 652 787; x_wconf 84' lang='lat' dir='ltr'><strong>manu</strong></span> <span class='ocrx_word' id='word_1_36' title='bbox 688 723 842 784; x_wconf 77' lang='lat' dir='ltr'>cadentem</span> <span class='ocrx_word' id='word_1_37' title='bbox 877 730 989 785; x_wconf 88' lang='lat' dir='ltr'><strong>rectum</strong></span> <span class='ocrx_word' id='word_1_38' title='bbox 1031 723 1175 785; x_wconf 90' lang='lat' dir='ltr'><strong>cecidisse</strong></span> <span class='ocrx_word' id='word_1_39' title='bbox 1217 740 1377 803; x_wconf 76' lang='lat' dir='ltr'><strong>passumus</strong></span> <span class='ocrx_word' id='word_1_40' title='bbox 1412 720 1511 783; x_wconf 88' lang='lat' dir='ltr'><strong>dicere</strong></span> <span class='ocrx_word' id='word_1_41' title='bbox 1550 718 1612 807; x_wconf 89' lang='lat' dir='ltr'><strong>[vel</strong></span> 
     </span>
     <span class='ocr_line' id='line_1_6' title="bbox 308 820 1615 908; baseline -0.002 -19"><span class='ocrx_word' id='word_1_42' title='bbox 308 828 428 889; x_wconf 89' lang='lat' dir='ltr'><strong>abusive</strong></span> <span class='ocrx_word' id='word_1_43' title='bbox 450 827 557 889; x_wconf 87' lang='lat' dir='ltr'><strong>dicitur</strong></span> <span class='ocrx_word' id='word_1_44' title='bbox 578 845 681 901; x_wconf 86' lang='lat' dir='ltr'><strong>casus,</strong></span> <span class='ocrx_word' id='word_1_45' title='bbox 709 822 787 901; x_wconf 90' lang='lat' dir='ltr'><strong>quod</strong></span> <span class='ocrx_word' id='word_1_46' title='bbox 805 840 841 881; x_wconf 82' lang='lat' dir='ltr'><strong>ex</strong></span> <span class='ocrx_word' id='word_1_47' title='bbox 861 821 927 901; x_wconf 87' lang='lat' dir='ltr'><strong>ipso</strong></span> <span class='ocrx_word' id='word_1_48' title='bbox 947 832 1117 887; x_wconf 87' lang='lat' dir='ltr'><strong>nascuntur·</strong></span> <span class='ocrx_word' id='word_1_49' title='bbox 1132 842 1237 887; x_wconf 83' lang='lat' dir='ltr'><strong>onmes</strong></span> <span class='ocrx_word' id='word_1_50' title='bbox 1259 820 1319 908; x_wconf 87' lang='lat' dir='ltr'><strong>alii]</strong></span> <span class='ocrx_word' id='word_1_51' title='bbox 1342 870 1373 899; x_wconf 93' lang='lat'><strong>.,</strong></span> <span class='ocrx_word' id='word_1_52' title='bbox 1396 822 1440 885; x_wconf 94' lang='lat' dir='ltr'><strong>vel</strong></span> <span class='ocrx_word' id='word_1_53' title='bbox 1463 824 1542 902; x_wconf 85' lang='lat' dir='ltr'><strong>quod</strong></span> <span class='ocrx_word' id='word_1_54' title='bbox 1565 843 1615 887; x_wconf 86' lang='lat' dir='ltr'><strong>ca·</strong></span> 
     </span>
     <span class='ocr_line' id='line_1_7' title="bbox 308 922 1655 1003; baseline -0.005 -12"><span class='ocrx_word' id='word_1_55' title='bbox 308 930 383 991; x_wconf 86' lang='lat' dir='ltr'><strong>dens</strong></span> <span class='ocrx_word' id='word_1_56' title='bbox 404 948 422 990; x_wconf 93' lang='lat' dir='ltr'><strong>a</strong></span> <span class='ocrx_word' id='word_1_57' title='bbox 444 948 497 991; x_wconf 88' lang='lat' dir='ltr'><strong>sua</strong></span> <span class='ocrx_word' id='word_1_58' title='bbox 518 927 723 995; x_wconf 68' lang='lat' dir='ltr'><strong>terminatione</strong></span> <span class='ocrx_word' id='word_1_59' title='bbox 745 924 776 984; x_wconf 93' lang='lat' dir='ltr'><strong>in</strong></span> <span class='ocrx_word' id='word_1_60' title='bbox 798 922 870 984; x_wconf 92' lang='lat' dir='ltr'><strong>alias</strong></span> <span class='ocrx_word' id='word_1_61' title='bbox 891 924 961 985; x_wconf 86' lang='lat' dir='ltr'><strong>iacit</strong></span> <span class='ocrx_word' id='word_1_62' title='bbox 983 924 1119 1003; x_wconf 89' lang='lat' dir='ltr'><strong>obliquos</strong></span> <span class='ocrx_word' id='word_1_63' title='bbox 1140 944 1237 989; x_wconf 84' lang='lat' dir='ltr'><strong>casua.</strong></span> <span class='ocrx_word' id='word_1_64' title='bbox 1641 946 1655 985; x_wconf 83' lang='lat' dir='ltr'><strong>a</strong></span> 
     </span>
    </p>
   </div>
   <div class='ocr_carea' id='block_1_4' title="bbox 237 1024 1787 3245">
    <p class='ocr_par' dir='ltr' id='par_1_4' title="bbox 395 1024 1787 1117">
     <span class='ocr_line' id='line_1_8' title="bbox 395 1024 1787 1117; baseline 0 -25"><span class='ocrx_word' id='word_1_65' title='bbox 395 1030 553 1102; x_wconf 79' lang='lat' dir='ltr'><strong>Quaeritur</strong></span> <span class='ocrx_word' id='word_1_66' title='bbox 569 1037 683 1102; x_wconf 89' lang='lat' dir='ltr'><strong>autem,</strong></span> <span class='ocrx_word' id='word_1_67' title='bbox 708 1025 779 1105; x_wconf 91' lang='lat' dir='ltr'><strong>quid</strong></span> <span class='ocrx_word' id='word_1_68' title='bbox 801 1025 841 1086; x_wconf 91' lang='lat' dir='ltr'><strong>sit</strong></span> <span class='ocrx_word' id='word_1_69' title='bbox 866 1024 943 1086; x_wconf 90' lang='lat' dir='ltr'><strong>inter</strong></span> <span class='ocrx_word' id='word_1_70' title='bbox 965 1027 1180 1089; x_wconf 82' lang='lat' dir='ltr'><strong>indeclinabilia</strong></span> <span class='ocrx_word' id='word_1_71' title='bbox 1204 1036 1233 1089; x_wconf 85' lang='lat' dir='ltr'><strong>et</strong></span> <span class='ocrx_word' id='word_1_72' title='bbox 1254 1034 1353 1107; x_wconf 87' lang='lat' dir='ltr'><strong>aptota</strong></span> <span class='ocrx_word' id='word_1_73' title='bbox 1375 1035 1405 1088; x_wconf 90' lang='lat' dir='ltr'><strong>et</strong></span> <span class='ocrx_word' id='word_1_74' title='bbox 1425 1030 1616 1109; x_wconf 84' lang='lat' dir='ltr'><strong>monoptota?</strong></span> <span class='ocrx_word' id='word_1_75' title='bbox 1786 1104 1787 1117; x_wconf 13' lang='grc' dir='ltr'><strong>ἶ</strong></span> 
     </span>
    </p>

    <p class='ocr_par' dir='ltr' id='par_1_5' title="bbox 310 1128 1787 1297">
     <span class='ocr_line' id='line_1_9' title="bbox 310 1128 1616 1215; baseline -0.001 -22"><span class='ocrx_word' id='word_1_76' title='bbox 310 1140 341 1193; x_wconf 90' lang='lat' dir='ltr'><strong>et</strong></span> <span class='ocrx_word' id='word_1_77' title='bbox 357 1132 510 1193; x_wconf 86' lang='lat' dir='ltr'><strong>sciendum</strong></span> <span class='ocrx_word' id='word_1_78' title='bbox 533 1140 593 1205; x_wconf 87' lang='lat' dir='ltr'><strong>cst,</strong></span> <span class='ocrx_word' id='word_1_79' title='bbox 617 1130 696 1209; x_wconf 92' lang='lat' dir='ltr'><strong>quod</strong></span> <span class='ocrx_word' id='word_1_80' title='bbox 718 1139 748 1189; x_wconf 88' lang='lat' dir='ltr'><strong>et</strong></span> <span class='ocrx_word' id='word_1_81' title='bbox 767 1133 868 1207; x_wconf 86' lang='lat' dir='ltr'><strong>aptota</strong></span> <span class='ocrx_word' id='word_1_82' title='bbox 890 1134 920 1187; x_wconf 89' lang='lat' dir='ltr'><strong>et</strong></span> <span class='ocrx_word' id='word_1_83' title='bbox 941 1136 1114 1208; x_wconf 84' lang='lat' dir='ltr'><strong>monoptota</strong></span> <span class='ocrx_word' id='word_1_84' title='bbox 1136 1128 1353 1195; x_wconf 79' lang='lat' dir='ltr'><strong>indeclinabilia</strong></span> <span class='ocrx_word' id='word_1_85' title='bbox 1374 1137 1458 1190; x_wconf 91' lang='lat' dir='ltr'><strong>sunt:</strong></span> <span class='ocrx_word' id='word_1_86' title='bbox 1483 1130 1616 1215; x_wconf 85' lang='lat' dir='ltr'><strong>similiter</strong></span> 
     </span>
    </p>

    <p class='ocr_par' dir='ltr' id='par_1_6' title="bbox 260 1212 1654 1516">
     <span class='ocr_line' id='line_1_10' title="bbox 260 1212 1615 1312; baseline 0.001 -18"><span class='ocrx_word' id='word_1_87' title='bbox 260 1251 295 1303; x_wconf 80' lang='lat' dir='ltr'><strong>de</strong></span> <span class='ocrx_word' id='word_1_88' title='bbox 313 1212 392 1295; x_wconf 87' lang='lat' dir='ltr'><strong>enim</strong></span> <span class='ocrx_word' id='word_1_89' title='bbox 415 1252 477 1296; x_wconf 89' lang='lat' dir='ltr'><strong>uon</strong></span> <span class='ocrx_word' id='word_1_90' title='bbox 499 1233 611 1295; x_wconf 87' lang='lat' dir='ltr'><strong>variant</strong></span> <span class='ocrx_word' id='word_1_91' title='bbox 634 1227 886 1301; x_wconf 84' lang='lat' dir='ltr'><strong>tenuinatiouem,</strong></span> <span class='ocrx_word' id='word_1_92' title='bbox 913 1227 965 1289; x_wconf 89' lang='lat' dir='ltr'><strong>sed</strong></span> <span class='ocrx_word' id='word_1_93' title='bbox 986 1228 1166 1291; x_wconf 85' lang='lat' dir='ltr'><strong>immobilem</strong></span> <span class='ocrx_word' id='word_1_94' title='bbox 1193 1250 1258 1291; x_wconf 91' lang='lat' dir='ltr'><strong>eam</strong></span> <span class='ocrx_word' id='word_1_95' title='bbox 1281 1238 1407 1291; x_wconf 88' lang='lat' dir='ltr'><strong>servant</strong></span> <span class='ocrx_word' id='word_1_96' title='bbox 1452 1240 1551 1312; x_wconf 88' lang='lat' dir='ltr'><strong>aptota</strong></span> <span class='ocrx_word' id='word_1_97' title='bbox 1573 1242 1615 1295; x_wconf 85' lang='lat' dir='ltr'><strong>ta·</strong></span> 
     </span>
     <span class='ocr_line' id='line_1_11' title="bbox 310 1318 1614 1416; baseline 0.001 -21"><span class='ocrx_word' id='word_1_98' title='bbox 310 1354 379 1396; x_wconf 91' lang='lat' dir='ltr'><strong>men</strong></span> <span class='ocrx_word' id='word_1_99' title='bbox 405 1344 474 1397; x_wconf 90' lang='lat' dir='ltr'><strong>sunt</strong></span> <span class='ocrx_word' id='word_1_100' title='bbox 494 1335 615 1416; x_wconf 88' lang='lat' dir='ltr'><strong>proprie</strong></span> <span class='ocrx_word' id='word_1_101' title='bbox 637 1332 780 1405; x_wconf 90' lang='lat' dir='ltr'><strong>dicenda,</strong></span> <span class='ocrx_word' id='word_1_102' title='bbox 809 1348 884 1408; x_wconf 89' lang='lat' dir='ltr'><strong>quae</strong></span> <span class='ocrx_word' id='word_1_103' title='bbox 906 1329 1118 1391; x_wconf 81' lang='lat' dir='ltr'><strong>nominativum</strong></span> <span class='ocrx_word' id='word_1_104' title='bbox 1141 1331 1235 1394; x_wconf 90' lang='lat' dir='ltr'><strong>solum</strong></span> <span class='ocrx_word' id='word_1_105' title='bbox 1259 1318 1385 1406; x_wconf 86' lang='lat' dir='ltr'><strong>babent,</strong></span> <span class='ocrx_word' id='word_1_106' title='bbox 1415 1333 1465 1411; x_wconf 91' lang='lat' dir='ltr'><strong>qui</strong></span> <span class='ocrx_word' id='word_1_107' title='bbox 1487 1333 1614 1414; x_wconf 88' lang='lat' dir='ltr'><strong>plerum-</strong></span> 
     </span>
     <span class='ocr_line' id='line_1_12' title="bbox 310 1431 1654 1516; baseline 0 -19"><span class='ocrx_word' id='word_1_108' title='bbox 310 1445 416 1515; x_wconf 83' lang='lat' dir='ltr'><strong>que‚et</strong></span> <span class='ocrx_word' id='word_1_109' title='bbox 436 1437 584 1499; x_wconf 80' lang='lat' dir='ltr'><strong>vocativus</strong></span> <span class='ocrx_word' id='word_1_110' title='bbox 604 1434 750 1497; x_wconf 84' lang='lat' dir='ltr'><strong>invenitur</strong></span> <span class='ocrx_word' id='word_1_111' title='bbox 772 1441 802 1492; x_wconf 84' lang='lat' dir='ltr'><strong>et</strong></span> <span class='ocrx_word' id='word_1_112' title='bbox 823 1449 884 1491; x_wconf 90' lang='lat' dir='ltr'><strong>nou</strong></span> <span class='ocrx_word' id='word_1_113' title='bbox 911 1431 1054 1515; x_wconf 87' lang='lat' dir='ltr'><strong>accipitur</strong></span> <span class='ocrx_word' id='word_1_114' title='bbox 1076 1434 1162 1493; x_wconf 89' lang='lat' dir='ltr'><strong>etiam</strong></span> <span class='ocrx_word' id='word_1_115' title='bbox 1186 1452 1241 1514; x_wconf 92' lang='lat' dir='ltr'><strong>pro</strong></span> <span class='ocrx_word' id='word_1_116' title='bbox 1270 1432 1412 1511; x_wconf 84' lang='lat' dir='ltr'><strong>obliquis,</strong></span> <span class='ocrx_word' id='word_1_117' title='bbox 1433 1442 1472 1513; x_wconf 45' lang='lat' dir='ltr'><strong>,ut</strong></span> <span class='ocrx_word' id='word_1_118' title='bbox 1499 1435 1614 1516; x_wconf 74' lang='lat' dir='ltr'><strong>‘Iuppi</strong></span> <span class='ocrx_word' id='word_1_119' title='bbox 1629 1457 1654 1496; x_wconf 89' lang='lat' dir='ltr'><strong>ro</strong></span> 
     </span>
    </p>

    <p class='ocr_par' dir='ltr' id='par_1_7' title="bbox 237 1524 1616 1921">
     <span class='ocr_line' id='line_1_13' title="bbox 237 1524 1613 1619; baseline 0.001 -22"><span class='ocrx_word' id='word_1_120' title='bbox 237 1545 242 1555; x_wconf 91' lang='lat'>&#39;</span> <span class='ocrx_word' id='word_1_121' title='bbox 312 1539 379 1610; x_wconf 90' lang='lat' dir='ltr'><strong>ter&#39;,</strong></span> <span class='ocrx_word' id='word_1_122' title='bbox 409 1536 597 1619; x_wconf 79' lang='lat' dir='ltr'><strong>‘Diespiter’z</strong></span> <span class='ocrx_word' id='word_1_123' title='bbox 628 1556 688 1597; x_wconf 92' lang='lat' dir='ltr'><strong>non</strong></span> <span class='ocrx_word' id='word_1_124' title='bbox 713 1535 792 1595; x_wconf 89' lang='lat' dir='ltr'><strong>enim</strong></span> <span class='ocrx_word' id='word_1_125' title='bbox 814 1534 883 1595; x_wconf 89' lang='lat' dir='ltr'><strong>licet</strong></span> <span class='ocrx_word' id='word_1_126' title='bbox 904 1533 1007 1597; x_wconf 87' lang='lat' dir='ltr'><strong>eodem</strong></span> <span class='ocrx_word' id='word_1_127' title='bbox 1027 1552 1081 1613; x_wconf 92' lang='lat' dir='ltr'><strong>pro</strong></span> <span class='ocrx_word' id='word_1_128' title='bbox 1101 1535 1236 1613; x_wconf 85' lang='lat' dir='ltr'><strong>genetivo</strong></span> <span class='ocrx_word' id='word_1_129' title='bbox 1254 1524 1304 1595; x_wconf 42' lang='lat' dir='ltr'><strong>‘vel</strong></span> <span class='ocrx_word' id='word_1_130' title='bbox 1320 1534 1376 1597; x_wconf 88' lang='lat' dir='ltr'><strong>alio</strong></span> <span class='ocrx_word' id='word_1_131' title='bbox 1405 1555 1475 1597; x_wconf 91' lang='lat' dir='ltr'><strong>casu</strong></span> <span class='ocrx_word' id='word_1_132' title='bbox 1497 1536 1613 1615; x_wconf 89' lang='lat' dir='ltr'><strong>obliquo</strong></span> 
     </span>
     <span class='ocr_line' id='line_1_14' title="bbox 311 1635 1615 1719; baseline -0.001 -18"><span class='ocrx_word' id='word_1_133' title='bbox 311 1639 354 1701; x_wconf 91' lang='lat' dir='ltr'><strong>nti</strong></span> <span class='ocrx_word' id='word_1_134' title='bbox 371 1638 450 1715; x_wconf 84' lang='lat' dir='ltr'><strong>(ideo</strong></span> <span class='ocrx_word' id='word_1_135' title='bbox 465 1640 522 1700; x_wconf 80' lang='lat' dir='ltr'><strong>dixi</strong></span> <span class='ocrx_word' id='word_1_136' title='bbox 542 1638 683 1719; x_wconf 71' lang='lat' dir='ltr'><strong>‘proprie’</strong></span> <span class='ocrx_word' id='word_1_137' title='bbox 700 1635 834 1710; x_wconf 89' lang='lat' dir='ltr'><strong>dicenda,</strong></span> <span class='ocrx_word' id='word_1_138' title='bbox 855 1635 923 1712; x_wconf 93' lang='lat' dir='ltr'><strong>quia</strong></span> <span class='ocrx_word' id='word_1_139' title='bbox 942 1635 1129 1697; x_wconf 88' lang='lat' dir='ltr'><strong>inveniuntur</strong></span> <span class='ocrx_word' id='word_1_140' title='bbox 1147 1636 1258 1714; x_wconf 89' lang='lat' dir='ltr'><strong>antiqui</strong></span> <span class='ocrx_word' id='word_1_141' title='bbox 1274 1644 1373 1715; x_wconf 89' lang='lat' dir='ltr'><strong>aptota</strong></span> <span class='ocrx_word' id='word_1_142' title='bbox 1390 1656 1444 1716; x_wconf 91' lang='lat' dir='ltr'><strong>pro</strong></span> <span class='ocrx_word' id='word_1_143' title='bbox 1462 1646 1615 1718; x_wconf 86' lang='lat' dir='ltr'><strong>monopto-</strong></span> 
     </span>
     <span class='ocr_line' id='line_1_15' title="bbox 311 1726 1616 1830; baseline 0.001 -31"><span class='ocrx_word' id='word_1_144' title='bbox 311 1740 350 1801; x_wconf 86' lang='lat' dir='ltr'><strong>tis</strong></span> <span class='ocrx_word' id='word_1_145' title='bbox 371 1747 592 1830; x_wconf 85' lang='lat' dir='ltr'><strong>etmonoptota</strong></span> <span class='ocrx_word' id='word_1_146' title='bbox 613 1758 667 1820; x_wconf 86' lang='lat' dir='ltr'><strong>pro</strong></span> <span class='ocrx_word' id='word_1_147' title='bbox 689 1726 798 1817; x_wconf 80' lang='lat' dir='ltr'><strong>apiotis</strong></span> <span class='ocrx_word' id='word_1_148' title='bbox 819 1735 979 1816; x_wconf 83' lang='lat' dir='ltr'><strong>posuisse).</strong></span> <span class='ocrx_word' id='word_1_149' title='bbox 1024 1744 1161 1799; x_wconf 81' lang='lat' dir='ltr'><strong>nanuum</strong></span> <span class='ocrx_word' id='word_1_150' title='bbox 1181 1757 1250 1799; x_wconf 89' lang='lat' dir='ltr'><strong>vero</strong></span> <span class='ocrx_word' id='word_1_151' title='bbox 1273 1738 1298 1799; x_wconf 89' lang='lat' dir='ltr'><strong>si</strong></span> <span class='ocrx_word' id='word_1_152' title='bbox 1323 1737 1361 1798; x_wconf 88' lang='lat' dir='ltr'><strong>sit</strong></span> <span class='ocrx_word' id='word_1_153' title='bbox 1383 1746 1531 1819; x_wconf 80' lang='lat' dir='ltr'><strong>aptatum,</strong></span> <span class='ocrx_word' id='word_1_154' title='bbox 1565 1758 1616 1800; x_wconf 88' lang='lat' dir='ltr'><strong>ne·</strong></span> 
     </span>
     <span class='ocr_line' id='line_1_16' title="bbox 313 1837 1615 1921; baseline 0.002 -20"><span class='ocrx_word' id='word_1_155' title='bbox 313 1840 442 1903; x_wconf 86' lang='lat' dir='ltr'><strong>cessario</strong></span> <span class='ocrx_word' id='word_1_156' title='bbox 469 1842 556 1903; x_wconf 89' lang='lat' dir='ltr'><strong>etiam</strong></span> <span class='ocrx_word' id='word_1_157' title='bbox 577 1860 631 1921; x_wconf 93' lang='lat' dir='ltr'><strong>pro</strong></span> <span class='ocrx_word' id='word_1_158' title='bbox 653 1838 820 1901; x_wconf 87' lang='lat' dir='ltr'><strong>accusativo</strong></span> <span class='ocrx_word' id='word_1_159' title='bbox 846 1847 876 1898; x_wconf 89' lang='lat' dir='ltr'><strong>et</strong></span> <span class='ocrx_word' id='word_1_160' title='bbox 894 1837 1026 1901; x_wconf 89' lang='lat' dir='ltr'><strong>vocativo</strong></span> <span class='ocrx_word' id='word_1_161' title='bbox 1042 1839 1195 1919; x_wconf 87' lang='lat' dir='ltr'><strong>accipitur</strong></span> <span class='ocrx_word' id='word_1_162' title='bbox 1217 1841 1280 1903; x_wconf 86' lang='lat' dir='ltr'><strong>eius</strong></span> <span class='ocrx_word' id='word_1_163' title='bbox 1303 1840 1515 1915; x_wconf 88' lang='lat' dir='ltr'><strong>nominativus,</strong></span> <span class='ocrx_word' id='word_1_164' title='bbox 1538 1841 1615 1919; x_wconf 90' lang='lat' dir='ltr'><strong>quod</strong></span> 
     </span>
    </p>

    <p class='ocr_par' dir='ltr' id='par_1_8' title="bbox 262 1941 1695 2943">
     <span class='ocr_line' id='line_1_17' title="bbox 262 1941 1653 2023; baseline -0.005 -15"><span class='ocrx_word' id='word_1_165' title='bbox 262 1957 296 2008; x_wconf 77' lang='lat'><strong>70</strong></span> <span class='ocrx_word' id='word_1_166' title='bbox 313 1942 450 2020; x_wconf 77' lang='lat' dir='ltr'><strong>generale</strong></span> <span class='ocrx_word' id='word_1_167' title='bbox 471 1950 517 2003; x_wconf 89' lang='lat' dir='ltr'><strong>est</strong></span> <span class='ocrx_word' id='word_1_168' title='bbox 534 1941 665 2005; x_wconf 87' lang='lat' dir='ltr'><strong>omnium</strong></span> <span class='ocrx_word' id='word_1_169' title='bbox 688 1950 876 2013; x_wconf 88' lang='lat' dir='ltr'><strong>neutromm,</strong></span> <span class='ocrx_word' id='word_1_170' title='bbox 906 1948 939 2001; x_wconf 89' lang='lat' dir='ltr'><strong>ut</strong></span> <span class='ocrx_word' id='word_1_171' title='bbox 967 1941 1048 2015; x_wconf 73' lang='lat' dir='ltr'><strong>‘las’,</strong></span> <span class='ocrx_word' id='word_1_172' title='bbox 1077 1942 1196 2016; x_wconf 76' lang='lat' dir='ltr'><strong>‘nefas&#39;,</strong></span> <span class='ocrx_word' id='word_1_173' title='bbox 1225 1942 1285 2017; x_wconf 67' lang='lat' dir='ltr'><strong>‘ir³,</strong></span> <span class='ocrx_word' id='word_1_174' title='bbox 1309 1944 1399 2022; x_wconf 73' lang='lat' dir='ltr'><strong>‘pus&#39;.</strong></span> <span class='ocrx_word' id='word_1_175' title='bbox 1444 1950 1616 2023; x_wconf 81' lang='lat' dir='ltr'><strong>monoptota</strong></span> <span class='ocrx_word' id='word_1_176' title='bbox 1631 1960 1653 2001; x_wconf 83' lang='lat' dir='ltr'><strong>vs</strong></span> 
     </span>
     <span class='ocr_line' id='line_1_18' title="bbox 312 2035 1615 2123; baseline 0.001 -20"><span class='ocrx_word' id='word_1_177' title='bbox 312 2063 381 2104; x_wconf 87' lang='lat' dir='ltr'><strong>vero</strong></span> <span class='ocrx_word' id='word_1_178' title='bbox 413 2051 497 2118; x_wconf 89' lang='lat' dir='ltr'><strong>snut,</strong></span> <span class='ocrx_word' id='word_1_179' title='bbox 531 2035 606 2122; x_wconf 83' lang='lat' dir='ltr'><strong>quae</strong></span> <span class='ocrx_word' id='word_1_180' title='bbox 639 2062 693 2123; x_wconf 84' lang='lat' dir='ltr'><strong>pro</strong></span> <span class='ocrx_word' id='word_1_181' title='bbox 719 2042 799 2104; x_wconf 86' lang='lat' dir='ltr'><strong>omni</strong></span> <span class='ocrx_word' id='word_1_182' title='bbox 827 2061 899 2103; x_wconf 89' lang='lat' dir='ltr'><strong>casu</strong></span> <span class='ocrx_word' id='word_1_183' title='bbox 927 2060 986 2103; x_wconf 82' lang='lat' dir='ltr'><strong>vana</strong></span> <span class='ocrx_word' id='word_1_184' title='bbox 1013 2042 1174 2121; x_wconf 90' lang='lat' dir='ltr'><strong>eademque</strong></span> <span class='ocrx_word' id='word_1_185' title='bbox 1207 2044 1410 2106; x_wconf 79' lang='lat' dir='ltr'><strong>terminatione</strong></span> <span class='ocrx_word' id='word_1_186' title='bbox 1445 2044 1615 2122; x_wconf 76' lang='lat' dir='ltr'><strong>lungunttu,</strong></span> 
     </span>
     <span class='ocr_line' id='line_1_19' title="bbox 313 2135 1635 2223; baseline 0.002 -18"><span class='ocrx_word' id='word_1_187' title='bbox 313 2145 409 2223; x_wconf 90' lang='lat' dir='ltr'><strong>qualia</strong></span> <span class='ocrx_word' id='word_1_188' title='bbox 431 2156 501 2208; x_wconf 89' lang='lat' dir='ltr'><strong>suut</strong></span> <span class='ocrx_word' id='word_1_189' title='bbox 520 2135 639 2209; x_wconf 84' lang='lat' dir='ltr'><strong>nomina</strong></span> <span class='ocrx_word' id='word_1_190' title='bbox 660 2145 810 2206; x_wconf 87' lang='lat' dir='ltr'><strong>literarum</strong></span> <span class='ocrx_word' id='word_1_191' title='bbox 826 2150 857 2204; x_wconf 87' lang='lat' dir='ltr'><strong>ct</strong></span> <span class='ocrx_word' id='word_1_192' title='bbox 870 2161 1061 2205; x_wconf 88' lang='lat' dir='ltr'><strong>numerorum</strong></span> <span class='ocrx_word' id='word_1_193' title='bbox 1082 2164 1098 2205; x_wconf 96' lang='lat' dir='ltr'><strong>a</strong></span> <span class='ocrx_word' id='word_1_194' title='bbox 1116 2148 1278 2223; x_wconf 62' lang='lat' dir='ltr'><strong>‘quattuor&#39;</strong></span> <span class='ocrx_word' id='word_1_195' title='bbox 1301 2146 1445 2223; x_wconf 91' lang='lat' dir='ltr'><strong>usquead</strong></span> <span class='ocrx_word' id='word_1_196' title='bbox 1461 2148 1615 2207; x_wconf 54' lang='lat' dir='ltr'><strong>‘centana</strong></span> <span class='ocrx_word' id='word_1_197' title='bbox 1632 2158 1635 2163; x_wconf 72' lang='grc'>“</span> 
     </span>
     <span class='ocr_line' id='line_1_20' title="bbox 313 2244 1616 2327; baseline 0.002 -20"><span class='ocrx_word' id='word_1_198' title='bbox 313 2246 427 2307; x_wconf 74' lang='lat' dir='ltr'><strong>‘mille&#39;</strong></span> <span class='ocrx_word' id='word_1_199' title='bbox 457 2266 575 2327; x_wconf 80' lang='lat' dir='ltr'><strong>quoque</strong></span> <span class='ocrx_word' id='word_1_200' title='bbox 597 2244 801 2308; x_wconf 87' lang='lat' dir='ltr'><strong>indeclinabile</strong></span> <span class='ocrx_word' id='word_1_201' title='bbox 828 2252 875 2305; x_wconf 91' lang='lat' dir='ltr'><strong>est</strong></span> <span class='ocrx_word' id='word_1_202' title='bbox 902 2252 932 2303; x_wconf 90' lang='lat' dir='ltr'><strong>et</strong></span> <span class='ocrx_word' id='word_1_203' title='bbox 960 2245 1043 2324; x_wconf 93' lang='lat' dir='ltr'><strong>siqua</strong></span> <span class='ocrx_word' id='word_1_204' title='bbox 1070 2246 1257 2309; x_wconf 86' lang='lat' dir='ltr'><strong>inveniuntur</strong></span> <span class='ocrx_word' id='word_1_205' title='bbox 1279 2247 1401 2321; x_wconf 83' lang='lat' dir='ltr'><strong>similia,</strong></span> <span class='ocrx_word' id='word_1_206' title='bbox 1435 2255 1468 2308; x_wconf 91' lang='lat' dir='ltr'><strong>ut</strong></span> <span class='ocrx_word' id='word_1_207' title='bbox 1496 2247 1573 2309; x_wconf 78' lang='lat' dir='ltr'><strong>‘boc</strong></span> <span class='ocrx_word' id='word_1_208' title='bbox 1600 2267 1616 2309; x_wconf 92' lang='lat' dir='ltr'><strong>a</strong></span> 
     </span>
     <span class='ocr_line' id='line_1_21' title="bbox 312 2344 1618 2428; baseline 0.005 -23"><span class='ocrx_word' id='word_1_209' title='bbox 312 2346 401 2407; x_wconf 88' lang='lat' dir='ltr'><strong>huius</strong></span> <span class='ocrx_word' id='word_1_210' title='bbox 431 2351 478 2423; x_wconf 88' lang='lat' dir='ltr'><strong>a&#39;,</strong></span> <span class='ocrx_word' id='word_1_211' title='bbox 507 2350 585 2411; x_wconf 74' lang='lat' dir='ltr'><strong>‘boc</strong></span> <span class='ocrx_word' id='word_1_212' title='bbox 608 2347 695 2428; x_wconf 86' lang='lat' dir='ltr'><strong>alpha</strong></span> <span class='ocrx_word' id='word_1_213' title='bbox 717 2345 805 2407; x_wconf 91' lang='lat' dir='ltr'><strong>buius</strong></span> <span class='ocrx_word' id='word_1_214' title='bbox 826 2344 911 2424; x_wconf 90' lang='lat' dir='ltr'><strong>alpha</strong></span> <span class='ocrx_word' id='word_1_215' title='bbox 922 2347 943 2418; x_wconf 88' lang='lat'><strong>&#39;,</strong></span> <span class='ocrx_word' id='word_1_216' title='bbox 977 2346 1025 2407; x_wconf 77' lang='lat' dir='ltr'><strong>‘hi</strong></span> <span class='ocrx_word' id='word_1_217' title='bbox 1048 2355 1186 2425; x_wconf 90' lang='lat' dir='ltr'><strong>quattuor</strong></span> <span class='ocrx_word' id='word_1_218' title='bbox 1213 2350 1319 2411; x_wconf 90' lang='lat' dir='ltr'><strong>horum</strong></span> <span class='ocrx_word' id='word_1_219' title='bbox 1342 2353 1508 2428; x_wconf 84' lang='lat' dir='ltr'><strong>quaturor&#39;,</strong></span> <span class='ocrx_word' id='word_1_220' title='bbox 1541 2350 1618 2411; x_wconf 73' lang='lat' dir='ltr'><strong>‘hoc</strong></span> 
     </span>
     <span class='ocr_line' id='line_1_22' title="bbox 314 2446 1654 2529; baseline 0.002 -20"><span class='ocrx_word' id='word_1_221' title='bbox 314 2450 426 2528; x_wconf 79' lang='lat' dir='ltr'><strong>gummi</strong></span> <span class='ocrx_word' id='word_1_222' title='bbox 446 2451 534 2513; x_wconf 88' lang='lat' dir='ltr'><strong>buius</strong></span> <span class='ocrx_word' id='word_1_223' title='bbox 553 2448 693 2529; x_wconf 78' lang='lat' dir='ltr'><strong>gummi’,</strong></span> <span class='ocrx_word' id='word_1_224' title='bbox 715 2447 788 2508; x_wconf 76' lang='lat' dir='ltr'><strong>‘bic’</strong></span> <span class='ocrx_word' id='word_1_225' title='bbox 812 2454 842 2507; x_wconf 90' lang='lat' dir='ltr'><strong>et</strong></span> <span class='ocrx_word' id='word_1_226' title='bbox 863 2446 962 2507; x_wconf 77' lang='lat' dir='ltr'><strong>‘haec&#39;</strong></span> <span class='ocrx_word' id='word_1_227' title='bbox 986 2456 1016 2509; x_wconf 89' lang='lat' dir='ltr'><strong>et</strong></span> <span class='ocrx_word' id='word_1_228' title='bbox 1036 2449 1112 2511; x_wconf 76' lang='lat' dir='ltr'><strong>‘hoc</strong></span> <span class='ocrx_word' id='word_1_229' title='bbox 1131 2468 1256 2529; x_wconf 87' lang='lat' dir='ltr'><strong>nequam</strong></span> <span class='ocrx_word' id='word_1_230' title='bbox 1278 2450 1365 2514; x_wconf 88' lang='lat' dir='ltr'><strong>buius</strong></span> <span class='ocrx_word' id='word_1_231' title='bbox 1390 2454 1544 2529; x_wconf 88' lang='lat' dir='ltr'><strong>nequam’,</strong></span> <span class='ocrx_word' id='word_1_232' title='bbox 1565 2451 1654 2512; x_wconf 77' lang='lat' dir='ltr'><strong>‘hira</strong></span> 
     </span>
     <span class='ocr_line' id='line_1_23' title="bbox 314 2547 1617 2633; baseline 0 -22"><span class='ocrx_word' id='word_1_233' title='bbox 314 2558 402 2628; x_wconf 90' lang='lat' dir='ltr'><strong>quot,</strong></span> <span class='ocrx_word' id='word_1_234' title='bbox 428 2560 487 2625; x_wconf 86' lang='lat' dir='ltr'><strong>tot,</strong></span> <span class='ocrx_word' id='word_1_235' title='bbox 515 2552 621 2613; x_wconf 78' lang='lat' dir='ltr'><strong>bonum</strong></span> <span class='ocrx_word' id='word_1_236' title='bbox 643 2556 731 2627; x_wconf 90' lang='lat' dir='ltr'><strong>quot,</strong></span> <span class='ocrx_word' id='word_1_237' title='bbox 758 2552 819 2609; x_wconf 91' lang='lat' dir='ltr'><strong>tnt&#39;</strong></span> <span class='ocrx_word' id='word_1_238' title='bbox 843 2556 873 2609; x_wconf 92' lang='lat' dir='ltr'><strong>et</strong></span> <span class='ocrx_word' id='word_1_239' title='bbox 894 2547 1019 2611; x_wconf 88' lang='lat' dir='ltr'><strong>barbara</strong></span> <span class='ocrx_word' id='word_1_240' title='bbox 1041 2550 1181 2629; x_wconf 91' lang='lat' dir='ltr'><strong>plurima,</strong></span> <span class='ocrx_word' id='word_1_241' title='bbox 1210 2552 1263 2611; x_wconf 88' lang='lat' dir='ltr'><strong>sed</strong></span> <span class='ocrx_word' id='word_1_242' title='bbox 1281 2550 1393 2633; x_wconf 74' lang='lat' dir='ltr'><strong>mallgis</strong></span> <span class='ocrx_word' id='word_1_243' title='bbox 1415 2553 1528 2626; x_wconf 88' lang='lat' dir='ltr'><strong>omnia,</strong></span> <span class='ocrx_word' id='word_1_244' title='bbox 1561 2552 1617 2613; x_wconf 89' lang='lat' dir='ltr'><strong>nisi</strong></span> 
     </span>
     <span class='ocr_line' id='line_1_24' title="bbox 315 2649 1617 2728; baseline 0.002 -17"><span class='ocrx_word' id='word_1_245' title='bbox 315 2650 340 2711; x_wconf 89' lang='lat' dir='ltr'><strong>si</strong></span> <span class='ocrx_word' id='word_1_246' title='bbox 363 2670 398 2711; x_wconf 90' lang='lat' dir='ltr'><strong>ea</strong></span> <span class='ocrx_word' id='word_1_247' title='bbox 427 2650 464 2711; x_wconf 88' lang='lat' dir='ltr'><strong>ad</strong></span> <span class='ocrx_word' id='word_1_248' title='bbox 485 2652 625 2713; x_wconf 87' lang='lat' dir='ltr'><strong>Graecam</strong></span> <span class='ocrx_word' id='word_1_249' title='bbox 649 2650 693 2711; x_wconf 90' lang='lat' dir='ltr'><strong>vel</strong></span> <span class='ocrx_word' id='word_1_250' title='bbox 715 2656 848 2711; x_wconf 90' lang='lat' dir='ltr'><strong>nostram</strong></span> <span class='ocrx_word' id='word_1_251' title='bbox 875 2649 1007 2728; x_wconf 74' lang='lat' dir='ltr'><strong>regulam</strong></span> <span class='ocrx_word' id='word_1_252' title='bbox 1031 2652 1182 2714; x_wconf 83' lang='lat' dir='ltr'><strong>flectamus</strong></span> <span class='ocrx_word' id='word_1_253' title='bbox 1210 2653 1254 2714; x_wconf 88' lang='lat' dir='ltr'><strong>vel</strong></span> <span class='ocrx_word' id='word_1_254' title='bbox 1282 2654 1319 2715; x_wconf 87' lang='lat' dir='ltr'><strong>ab</strong></span> <span class='ocrx_word' id='word_1_255' title='bbox 1348 2653 1517 2715; x_wconf 88' lang='lat' dir='ltr'><strong>auctoribus</strong></span> <span class='ocrx_word' id='word_1_256' title='bbox 1544 2654 1617 2715; x_wconf 85' lang='lat' dir='ltr'><strong>llexa</strong></span> 
     </span>
     <span class='ocr_line' id='line_1_25' title="bbox 313 2751 1618 2833; baseline 0.002 -21"><span class='ocrx_word' id='word_1_257' title='bbox 313 2751 505 2814; x_wconf 90' lang='lat' dir='ltr'><strong>inveniamus.</strong></span> <span class='ocrx_word' id='word_1_258' title='bbox 550 2754 580 2814; x_wconf 90' lang='lat' dir='ltr'><strong>in</strong></span> <span class='ocrx_word' id='word_1_259' title='bbox 609 2753 656 2815; x_wconf 91' lang='lat' dir='ltr'><strong>his</strong></span> <span class='ocrx_word' id='word_1_260' title='bbox 685 2771 773 2831; x_wconf 81' lang='lat' dir='ltr'><strong>ergo,</strong></span> <span class='ocrx_word' id='word_1_261' title='bbox 800 2751 830 2812; x_wconf 91' lang='lat' dir='ltr'><strong>id</strong></span> <span class='ocrx_word' id='word_1_262' title='bbox 854 2760 901 2813; x_wconf 88' lang='lat' dir='ltr'><strong>est</strong></span> <span class='ocrx_word' id='word_1_263' title='bbox 923 2753 1090 2815; x_wconf 87' lang='lat' dir='ltr'><strong>carentibus</strong></span> <span class='ocrx_word' id='word_1_264' title='bbox 1112 2754 1307 2817; x_wconf 89' lang='lat' dir='ltr'><strong>declinatione</strong></span> <span class='ocrx_word' id='word_1_265' title='bbox 1336 2755 1466 2817; x_wconf 87' lang='lat' dir='ltr'><strong>linalitun</strong></span> <span class='ocrx_word' id='word_1_266' title='bbox 1494 2754 1618 2833; x_wconf 78' lang='lat' dir='ltr'><strong>syllaba-</strong></span> 
     </span>
     <span class='ocr_line' id='line_1_26' title="bbox 315 2853 1695 2943; baseline 0.001 -28"><span class='ocrx_word' id='word_1_267' title='bbox 315 2872 397 2926; x_wconf 85' lang='lat' dir='ltr'><strong>rum,</strong></span> <span class='ocrx_word' id='word_1_268' title='bbox 431 2872 507 2932; x_wconf 85' lang='lat' dir='ltr'><strong>quae</strong></span> <span class='ocrx_word' id='word_1_269' title='bbox 535 2863 706 2935; x_wconf 88' lang='lat' dir='ltr'><strong>monoptota</strong></span> <span class='ocrx_word' id='word_1_270' title='bbox 732 2853 937 2927; x_wconf 91' lang='lat' dir='ltr'><strong>nominamus,</strong></span> <span class='ocrx_word' id='word_1_271' title='bbox 971 2854 1106 2917; x_wconf 92' lang='lat' dir='ltr'><strong>videntur</strong></span> <span class='ocrx_word' id='word_1_272' title='bbox 1139 2876 1226 2921; x_wconf 90' lang='lat' dir='ltr'><strong>casus</strong></span> <span class='ocrx_word' id='word_1_273' title='bbox 1254 2858 1317 2931; x_wconf 84' lang='lat' dir='ltr'><strong>lieri</strong></span> <span class='ocrx_word' id='word_1_274' title='bbox 1344 2876 1405 2919; x_wconf 90' lang='lat' dir='ltr'><strong>non</strong></span> <span class='ocrx_word' id='word_1_275' title='bbox 1435 2855 1530 2929; x_wconf 89' lang='lat' dir='ltr'><strong>vocis,</strong></span> <span class='ocrx_word' id='word_1_276' title='bbox 1565 2857 1616 2917; x_wconf 90' lang='lat' dir='ltr'><strong>sed</strong></span> <span class='ocrx_word' id='word_1_277' title='bbox 1691 2936 1695 2943; x_wconf 93' lang='lat'><em>.</em></span> 
     </span>
    </p>

    <p class='ocr_par' dir='ltr' id='par_1_9' title="bbox 265 2954 1651 3245">
     <span class='ocr_line' id='line_1_27' title="bbox 265 2954 1651 3040; baseline 0.002 -21"><span class='ocrx_word' id='word_1_278' title='bbox 265 2971 296 3022; x_wconf 84' lang='lat'><strong>71</strong></span> <span class='ocrx_word' id='word_1_279' title='bbox 316 2954 537 3032; x_wconf 77' lang='lat' dir='ltr'><strong>significationis</strong></span> <span class='ocrx_word' id='word_1_280' title='bbox 554 2958 709 3018; x_wconf 78' lang='lat' dir='ltr'><strong>dumtaxat</strong></span> <span class='ocrx_word' id='word_1_281' title='bbox 747 2957 845 3035; x_wconf 85' lang='lat' dir='ltr'><strong>itaque</strong></span> <span class='ocrx_word' id='word_1_282' title='bbox 864 2954 994 3017; x_wconf 85' lang='lat' dir='ltr'><strong>articulis</strong></span> <span class='ocrx_word' id='word_1_283' title='bbox 1016 2956 1137 3019; x_wconf 86' lang='lat' dir='ltr'><strong>diversis</strong></span> <span class='ocrx_word' id='word_1_284' title='bbox 1161 2959 1270 3021; x_wconf 88' lang='lat' dir='ltr'><strong>utimur</strong></span> <span class='ocrx_word' id='word_1_285' title='bbox 1290 2979 1344 3040; x_wconf 93' lang='lat' dir='ltr'><strong>pro</strong></span> <span class='ocrx_word' id='word_1_286' title='bbox 1367 2958 1505 3021; x_wconf 85' lang='lat' dir='ltr'><strong>varietate</strong></span> <span class='ocrx_word' id='word_1_287' title='bbox 1526 2957 1651 3035; x_wconf 80' lang='lat' dir='ltr'><strong>signi-as</strong></span> 
     </span>
     <span class='ocr_line' id='line_1_28' title="bbox 317 3055 1616 3135; baseline 0.003 -20"><span class='ocrx_word' id='word_1_288' title='bbox 317 3055 462 3118; x_wconf 85' lang='lat' dir='ltr'><strong>deationis</strong></span> <span class='ocrx_word' id='word_1_289' title='bbox 484 3078 620 3120; x_wconf 87' lang='lat' dir='ltr'><strong>necnon</strong></span> <span class='ocrx_word' id='word_1_290' title='bbox 643 3058 730 3121; x_wconf 89' lang='lat' dir='ltr'><strong>etiarn</strong></span> <span class='ocrx_word' id='word_1_291' title='bbox 759 3069 931 3125; x_wconf 87' lang='lat' dir='ltr'><strong>stmcturac&#39;</strong></span> <span class='ocrx_word' id='word_1_292' title='bbox 946 3058 1089 3125; x_wconf 89' lang='lat' dir='ltr'><strong>rationem</strong></span> <span class='ocrx_word' id='word_1_293' title='bbox 1114 3078 1279 3135; x_wconf 85' lang='lat' dir='ltr'><strong>servamus,</strong></span> <span class='ocrx_word' id='word_1_294' title='bbox 1309 3061 1386 3123; x_wconf 84' lang='lat' dir='ltr'><strong>sicut</strong></span> <span class='ocrx_word' id='word_1_295' title='bbox 1407 3061 1438 3122; x_wconf 92' lang='lat' dir='ltr'><strong>in</strong></span> <span class='ocrx_word' id='word_1_296' title='bbox 1460 3058 1616 3121; x_wconf 89' lang='lat' dir='ltr'><strong>declinabi·</strong></span> 
     </span>
     <span class='ocr_line' id='line_1_29' title="bbox 315 3154 688 3245; baseline 0.021 -29"><span class='ocrx_word' id='word_1_297' title='bbox 315 3154 393 3217; x_wconf 94' lang='lat' dir='ltr'><strong>libus</strong></span> <span class='ocrx_word' id='word_1_298' title='bbox 415 3177 470 3238; x_wconf 89' lang='lat' dir='ltr'><strong>per</strong></span> <span class='ocrx_word' id='word_1_299' title='bbox 491 3154 566 3245; x_wconf 81' lang='lat' dir='ltr'><strong>[sex]</strong></span> <span class='ocrx_word' id='word_1_300' title='bbox 592 3164 688 3224; x_wconf 88' lang='lat' dir='ltr'><strong>casus&#39;.</strong></span> 
     </span>
    </p>
   </div>
   <div class='ocr_carea' id='block_1_5' title="bbox 314 3383 1618 3538">
    <p class='ocr_par' dir='ltr' id='par_1_10' title="bbox 314 3383 1618 3538">
     <span class='ocr_line' id='line_1_30' title="bbox 404 3383 1618 3467; baseline 0.003 -22"><span class='ocrx_word' id='word_1_301' title='bbox 404 3383 631 3463; x_wconf 61' lang='lat' dir='ltr'><strong>lvnaxiinaeffl)</strong></span> <span class='ocrx_word' id='word_1_302' title='bbox 650 3398 679 3449; x_wconf 91' lang='lat' dir='ltr'><em>K</em></span> <span class='ocrx_word' id='word_1_303' title='bbox 745 3399 949 3451; x_wconf 75' lang='lat' dir='ltr'><strong>Nominatiuali</strong></span> <span class='ocrx_word' id='word_1_304' title='bbox 1025 3400 1106 3467; x_wconf 87' lang='lat' dir='ltr'><strong>velut]</strong></span> <span class='ocrx_word' id='word_1_305' title='bbox 1130 3400 1172 3451; x_wconf 84' lang='lat' dir='ltr'><strong>Br</strong></span> <span class='ocrx_word' id='word_1_306' title='bbox 1190 3400 1267 3451; x_wconf 87' lang='lat' dir='ltr'><strong>uelud</strong></span> <span class='ocrx_word' id='word_1_307' title='bbox 1284 3402 1308 3451; x_wconf 82' lang='grc' dir='ltr'><em>Β</em></span> <span class='ocrx_word' id='word_1_308' title='bbox 1326 3402 1367 3451; x_wconf 92' lang='lat' dir='ltr'><strong>nel</strong></span> <span class='ocrx_word' id='word_1_309' title='bbox 1386 3408 1413 3450; x_wconf 90' lang='lat' dir='ltr'><strong>nt</strong></span> <span class='ocrx_word' id='word_1_310' title='bbox 1430 3403 1488 3451; x_wconf 84' lang='lat' dir='ltr'><strong>rell.</strong></span> <span class='ocrx_word' id='word_1_311' title='bbox 1561 3403 1618 3451; x_wconf 71' lang='lat' dir='ltr'><strong>&#39;la</strong></span> 
     </span>
     <span class='ocr_line' id='line_1_31' title="bbox 314 3464 1617 3538; baseline 0.005 -25"><span class='ocrx_word' id='word_1_312' title='bbox 314 3464 412 3516; x_wconf 74' lang='lat' dir='ltr'><strong>addd</strong></span> <span class='ocrx_word' id='word_1_313' title='bbox 467 3464 608 3532; x_wconf 77' lang='lat' dir='ltr'><strong>generali]</strong></span> <span class='ocrx_word' id='word_1_314' title='bbox 629 3484 645 3517; x_wconf 82' lang='lat' dir='ltr'><strong>r</strong></span> <span class='ocrx_word' id='word_1_315' title='bbox 662 3469 776 3533; x_wconf 79' lang='lat' dir='ltr'><strong>genelari</strong></span> <span class='ocrx_word' id='word_1_316' title='bbox 793 3471 818 3520; x_wconf 86' lang='lat' dir='ltr'><em>R</em></span> <span class='ocrx_word' id='word_1_317' title='bbox 886 3470 988 3521; x_wconf 66' lang='lat' dir='ltr'><strong>atilium</strong></span> <span class='ocrx_word' id='word_1_318' title='bbox 1009 3470 1089 3538; x_wconf 72' lang='lat' dir='ltr'><strong>(ild</strong></span> <span class='ocrx_word' id='word_1_319' title='bbox 1159 3470 1242 3523; x_wconf 75' lang='lat' dir='ltr'><strong>tatii</strong></span> <span class='ocrx_word' id='word_1_320' title='bbox 1266 3486 1340 3521; x_wconf 88' lang='lat' dir='ltr'><strong>casua</strong></span> <span class='ocrx_word' id='word_1_321' title='bbox 1364 3472 1404 3521; x_wconf 87' lang='lat' dir='ltr'><strong>uel</strong></span> <span class='ocrx_word' id='word_1_322' title='bbox 1423 3471 1473 3521; x_wconf 81' lang='grc' dir='ltr'><strong>ΑΙ)</strong></span> <span class='ocrx_word' id='word_1_323' title='bbox 1495 3478 1521 3520; x_wconf 84' lang='lat' dir='ltr'><strong>et</strong></span> <span class='ocrx_word' id='word_1_324' title='bbox 1543 3486 1617 3521; x_wconf 84' lang='lat' dir='ltr'><strong>casua</strong></span> 
     </span>
    </p>
   </div>
   <div class='ocr_carea' id='block_1_6' title="bbox 314 3535 1619 3727">
    <p class='ocr_par' dir='ltr' id='par_1_11' title="bbox 314 3535 1619 3727">
     <span class='ocr_line' id='line_1_32' title="bbox 314 3535 1619 3659; baseline 0.002 -21"><span class='ocrx_word' id='word_1_325' title='bbox 314 3604 372 3651; x_wconf 76' lang='lat' dir='ltr'><strong>sup.</strong></span> <span class='ocrx_word' id='word_1_326' title='bbox 387 3590 431 3641; x_wconf 80' lang='lat' dir='ltr'><strong>lin.</strong></span> <span class='ocrx_word' id='word_1_327' title='bbox 450 3588 512 3639; x_wconf 84' lang='lat' dir='ltr'><strong>add</strong></span> <span class='ocrx_word' id='word_1_328' title='bbox 528 3588 557 3637; x_wconf 95' lang='lat' dir='ltr'><em>K</em></span> <span class='ocrx_word' id='word_1_329' title='bbox 626 3535 734 3640; x_wconf 73' lang='lat' dir='ltr'><strong>blaciat</strong></span> <span class='ocrx_word' id='word_1_330' title='bbox 751 3592 777 3642; x_wconf 88' lang='lat' dir='ltr'><em>B</em></span> <span class='ocrx_word' id='word_1_331' title='bbox 845 3592 944 3642; x_wconf 87' lang='lat' dir='ltr'><strong>oblicos</strong></span> <span class='ocrx_word' id='word_1_332' title='bbox 960 3594 988 3643; x_wconf 89' lang='lat' dir='ltr'><em>H</em></span> <span class='ocrx_word' id='word_1_333' title='bbox 1057 3594 1125 3643; x_wconf 80' lang='lat' dir='ltr'><strong>usit</strong></span> <span class='ocrx_word' id='word_1_334' title='bbox 1144 3548 1336 3643; x_wconf 82' lang='lat' dir='ltr'><strong>intdecliualilia</strong></span> <span class='ocrx_word' id='word_1_335' title='bbox 1354 3592 1399 3659; x_wconf 99' lang='grc' dir='ltr'><em>Β</em></span> <span class='ocrx_word' id='word_1_336' title='bbox 1442 3594 1508 3642; x_wconf 86' lang='lat' dir='ltr'><strong>iuter</strong></span> <span class='ocrx_word' id='word_1_337' title='bbox 1524 3594 1584 3642; x_wconf 81' lang='lat' dir='ltr'><strong>odd.</strong></span> <span class='ocrx_word' id='word_1_338' title='bbox 1602 3594 1619 3641; x_wconf 82' lang='lat' dir='ltr'><strong>b</strong></span> 
     </span>
     <span class='ocr_line' id='line_1_33' title="bbox 384 3660 1618 3727; baseline 0.004 -21"><span class='ocrx_word' id='word_1_339' title='bbox 384 3665 497 3723; x_wconf 86' lang='lat' dir='ltr'><strong>aptotota</strong></span> <span class='ocrx_word' id='word_1_340' title='bbox 513 3660 538 3709; x_wconf 73' lang='grc' dir='ltr'><strong>Ι,</strong></span> <span class='ocrx_word' id='word_1_341' title='bbox 608 3660 774 3711; x_wconf 73' lang='lat' dir='ltr'><strong>iaciendum</strong></span> <span class='ocrx_word' id='word_1_342' title='bbox 791 3660 875 3727; x_wconf 82' lang='lat' dir='ltr'><strong>eat]d</strong></span> <span class='ocrx_word' id='word_1_343' title='bbox 900 3662 1033 3713; x_wconf 82' lang='lat' dir='ltr'><strong>sciendum</strong></span> <span class='ocrx_word' id='word_1_344' title='bbox 1051 3662 1182 3715; x_wconf 84' lang='lat' dir='ltr'><em>DHGLK</em></span> <span class='ocrx_word' id='word_1_345' title='bbox 1251 3663 1319 3725; x_wconf 92' lang='lat' dir='ltr'><strong>qnod</strong></span> <span class='ocrx_word' id='word_1_346' title='bbox 1343 3668 1429 3727; x_wconf 85' lang='lat' dir='ltr'><strong>aptota</strong></span> <span class='ocrx_word' id='word_1_347' title='bbox 1447 3662 1618 3713; x_wconf 80' lang='lat' dir='ltr'><strong>BAHGLKv·</strong></span> 
     </span>
    </p>
   </div>
   <div class='ocr_carea' id='block_1_7' title="bbox 316 3726 1618 3867">
    <p class='ocr_par' dir='ltr' id='par_1_12' title="bbox 316 3726 1618 3867">
     <span class='ocr_line' id='line_1_34' title="bbox 383 3726 1618 3813; baseline 0.004 -36"><span class='ocrx_word' id='word_1_348' title='bbox 383 3726 521 3777; x_wconf 74' lang='lat' dir='ltr'><strong>Saernant</strong></span> <span class='ocrx_word' id='word_1_349' title='bbox 539 3743 595 3778; x_wconf 85' lang='lat' dir='ltr'><strong>enm</strong></span> <span class='ocrx_word' id='word_1_350' title='bbox 612 3728 640 3777; x_wconf 99' lang='lat' dir='ltr'><em>K</em></span> <span class='ocrx_word' id='word_1_351' title='bbox 708 3728 801 3781; x_wconf 70' lang='lat' dir='ltr'><strong>dsunt</strong></span> <span class='ocrx_word' id='word_1_352' title='bbox 817 3732 920 3797; x_wconf 89' lang='lat' dir='ltr'><strong>proprie</strong></span> <span class='ocrx_word' id='word_1_353' title='bbox 938 3732 984 3782; x_wconf 78' lang='lat' dir='ltr'><strong>eoe&#39;</strong></span> <span class='ocrx_word' id='word_1_354' title='bbox 991 3735 1092 3799; x_wconf 88' lang='lat' dir='ltr'><strong>proprie</strong></span> <span class='ocrx_word' id='word_1_355' title='bbox 1111 3740 1170 3783; x_wconf 87' lang='lat' dir='ltr'><strong>sunt</strong></span> <span class='ocrx_word' id='word_1_356' title='bbox 1184 3740 1243 3781; x_wconf 78' lang='lat' dir='ltr'><strong>nnat.</strong></span> <span class='ocrx_word' id='word_1_357' title='bbox 1257 3730 1285 3783; x_wconf 86' lang='lat' dir='ltr'><em>K</em></span> <span class='ocrx_word' id='word_1_358' title='bbox 1331 3730 1455 3813; x_wconf 85' lang='lat' dir='ltr'><strong>proprie]</strong></span> <span class='ocrx_word' id='word_1_359' title='bbox 1467 3750 1482 3782; x_wconf 84' lang='lat' dir='ltr'><strong>r</strong></span> <span class='ocrx_word' id='word_1_360' title='bbox 1500 3733 1618 3797; x_wconf 82' lang='lat' dir='ltr'><strong>propriae</strong></span> 
     </span>
     <span class='ocr_line' id='line_1_35' title="bbox 316 3796 1617 3867; baseline 0.004 -21"><span class='ocrx_word' id='word_1_361' title='bbox 316 3796 365 3846; x_wconf 83' lang='grc' dir='ltr'><strong>ΒΑ</strong></span> <span class='ocrx_word' id='word_1_362' title='bbox 435 3798 519 3847; x_wconf 88' lang='lat' dir='ltr'><strong>solum</strong></span> <span class='ocrx_word' id='word_1_363' title='bbox 538 3800 723 3849; x_wconf 80' lang='lat' dir='ltr'><strong>noniinatiunm</strong></span> <span class='ocrx_word' id='word_1_364' title='bbox 741 3800 773 3849; x_wconf 83' lang='grc' dir='ltr'><em>Η</em></span> <span class='ocrx_word' id='word_1_365' title='bbox 836 3800 948 3851; x_wconf 87' lang='lat' dir='ltr'><strong>habeant</strong></span> <span class='ocrx_word' id='word_1_366' title='bbox 964 3800 991 3850; x_wconf 89' lang='lat' dir='ltr'><em>K</em></span> <span class='ocrx_word' id='word_1_367' title='bbox 1058 3811 1118 3865; x_wconf 80' lang='lat' dir='ltr'><strong>poet</strong></span> <span class='ocrx_word' id='word_1_368' title='bbox 1141 3802 1248 3852; x_wconf 78' lang='lat' dir='ltr'><strong>habenta</strong></span> <span class='ocrx_word' id='word_1_369' title='bbox 1276 3810 1303 3851; x_wconf 90' lang='lat' dir='ltr'><strong>ut</strong></span> <span class='ocrx_word' id='word_1_370' title='bbox 1322 3802 1364 3851; x_wconf 90' lang='lat' dir='ltr'><strong>bie</strong></span> <span class='ocrx_word' id='word_1_371' title='bbox 1384 3802 1496 3867; x_wconf 86' lang='lat' dir='ltr'><strong>iuppiter</strong></span> <span class='ocrx_word' id='word_1_372' title='bbox 1512 3802 1573 3852; x_wconf 82' lang='lat' dir='ltr'><strong>add.</strong></span> <span class='ocrx_word' id='word_1_373' title='bbox 1593 3804 1617 3851; x_wconf 87' lang='lat' dir='ltr'><em>D</em></span> 
     </span>
    </p>
   </div>
   <div class='ocr_carea' id='block_1_8' title="bbox 315 3918 1636 4131">
    <p class='ocr_par' dir='ltr' id='par_1_13' title="bbox 315 3918 1636 4093">
     <span class='ocr_line' id='line_1_36' title="bbox 315 3918 1617 4003; baseline 0.002 -36"><span class='ocrx_word' id='word_1_374' title='bbox 315 3923 342 3967; x_wconf 91' lang='lat' dir='ltr'><strong>et</strong></span> <span class='ocrx_word' id='word_1_375' title='bbox 363 3932 410 3982; x_wconf 83' lang='lat' dir='ltr'><strong>per</strong></span> <span class='ocrx_word' id='word_1_376' title='bbox 428 3918 478 3970; x_wconf 84' lang='lat' dir='ltr'><strong>hoe</strong></span> <span class='ocrx_word' id='word_1_377' title='bbox 496 3918 647 3984; x_wconf 80' lang='lat' dir='ltr'><strong>intelligitur</strong></span> <span class='ocrx_word' id='word_1_378' title='bbox 665 3919 733 3983; x_wconf 89' lang='lat' dir='ltr'><strong>quod</strong></span> <span class='ocrx_word' id='word_1_379' title='bbox 750 3936 824 3973; x_wconf 86' lang='lat' dir='ltr'><strong>noma</strong></span> <span class='ocrx_word' id='word_1_380' title='bbox 843 3937 893 3971; x_wconf 91' lang='lat' dir='ltr'><strong>non</strong></span> <span class='ocrx_word' id='word_1_381' title='bbox 914 3928 953 3972; x_wconf 85' lang='lat' dir='ltr'><strong>est</strong></span> <span class='ocrx_word' id='word_1_382' title='bbox 970 3936 1046 3971; x_wconf 81' lang='lat' dir='ltr'><strong>nasus</strong></span> <span class='ocrx_word' id='word_1_383' title='bbox 1065 3930 1091 3971; x_wconf 90' lang='lat' dir='ltr'><strong>ut</strong></span> <span class='ocrx_word' id='word_1_384' title='bbox 1108 3922 1150 3971; x_wconf 90' lang='lat' dir='ltr'><strong>hic</strong></span> <span class='ocrx_word' id='word_1_385' title='bbox 1170 3923 1283 3988; x_wconf 88' lang='lat' dir='ltr'><strong>iuppiter</strong></span> <span class='ocrx_word' id='word_1_386' title='bbox 1301 3922 1325 3971; x_wconf 86' lang='grc' dir='ltr'><em>Α</em></span> <span class='ocrx_word' id='word_1_387' title='bbox 1398 3922 1430 3971; x_wconf 87' lang='grc'><strong>10</strong></span> <span class='ocrx_word' id='word_1_388' title='bbox 1454 3920 1617 4003; x_wconf 79' lang='lat' dir='ltr'><strong>inuenipptur</strong></span> 
     </span>
     <span class='ocr_line' id='line_1_37' title="bbox 315 3988 1636 4131; baseline 0.003 -60"><span class='ocrx_word' id='word_1_389' title='bbox 315 4020 356 4071; x_wconf 85' lang='lat' dir='ltr'><strong>Kr</strong></span> <span class='ocrx_word' id='word_1_390' title='bbox 426 4024 520 4087; x_wconf 86' lang='lat' dir='ltr'><strong>iupiter</strong></span> <span class='ocrx_word' id='word_1_391' title='bbox 538 4024 618 4075; x_wconf 73' lang='grc' dir='ltr'><strong>ΗΒΚ</strong></span> <span class='ocrx_word' id='word_1_392' title='bbox 691 4026 720 4076; x_wconf 92' lang='grc'><strong>11</strong></span> <span class='ocrx_word' id='word_1_393' title='bbox 742 4024 898 4131; x_wconf 70' lang='lat' dir='ltr'><strong>liquetG¹¹¹¹</strong></span> <span class='ocrx_word' id='word_1_394' title='bbox 939 4028 971 4078; x_wconf 90' lang='grc'><strong>12</strong></span> <span class='ocrx_word' id='word_1_395' title='bbox 999 4026 1109 4076; x_wconf 88' lang='lat' dir='ltr'><strong>ideo-</strong></span> <span class='ocrx_word' id='word_1_396' title='bbox 1130 4028 1250 4093; x_wconf 87' lang='lat' dir='ltr'><strong>posuisse</strong></span> <span class='ocrx_word' id='word_1_397' title='bbox 1267 4042 1312 4077; x_wconf 81' lang='lat' dir='ltr'><strong>aava.</strong></span> <span class='ocrx_word' id='word_1_398' title='bbox 1330 4026 1436 4077; x_wconf 84' lang='lat' dir='ltr'><em>BHGK</em></span> <span class='ocrx_word' id='word_1_399' title='bbox 1452 3988 1550 4077; x_wconf 70' lang='lat' dir='ltr'><strong>adali</strong></span> <span class='ocrx_word' id='word_1_400' title='bbox 1631 4047 1636 4056; x_wconf 93' lang='lat'><em>·</em></span> 
     </span>
    </p>
   </div>
   <div class='ocr_carea' id='block_1_9' title="bbox 316 4140 1558 4211">
    <p class='ocr_par' dir='ltr' id='par_1_14' title="bbox 316 4140 1558 4211">
     <span class='ocr_line' id='line_1_38' title="bbox 316 4140 1558 4211; baseline 0.004 -21"><span class='ocrx_word' id='word_1_401' title='bbox 316 4140 376 4191; x_wconf 88' lang='lat' dir='ltr'><strong>ldeo</strong></span> <span class='ocrx_word' id='word_1_402' title='bbox 392 4144 510 4195; x_wconf 82' lang='lat' dir='ltr'><strong>autamb</strong></span> <span class='ocrx_word' id='word_1_403' title='bbox 579 4145 685 4211; x_wconf 85' lang='lat' dir='ltr'><strong>propria</strong></span> <span class='ocrx_word' id='word_1_404' title='bbox 701 4144 727 4195; x_wconf 84' lang='lat' dir='ltr'><em>A</em></span> <span class='ocrx_word' id='word_1_405' title='bbox 796 4104 984 4197; x_wconf 77' lang='lat' dir='ltr'><strong>inueniturlid</strong></span> <span class='ocrx_word' id='word_1_406' title='bbox 1053 4145 1085 4197; x_wconf 88' lang='grc'><strong>13</strong></span> <span class='ocrx_word' id='word_1_407' title='bbox 1103 4148 1154 4197; x_wconf 88' lang='lat' dir='ltr'><strong>siut</strong></span> <span class='ocrx_word' id='word_1_408' title='bbox 1171 4146 1195 4195; x_wconf 83' lang='grc' dir='ltr'><em>Α</em></span> <span class='ocrx_word' id='word_1_409' title='bbox 1268 4146 1299 4197; x_wconf 77' lang='grc'><strong>14</strong></span> <span class='ocrx_word' id='word_1_410' title='bbox 1318 4148 1374 4197; x_wconf 89' lang='lat' dir='ltr'><strong>eius</strong></span> <span class='ocrx_word' id='word_1_411' title='bbox 1387 4148 1517 4211; x_wconf 83' lang='lat' dir='ltr'><strong>accipitur</strong></span> <span class='ocrx_word' id='word_1_412' title='bbox 1534 4148 1558 4195; x_wconf 87' lang='lat' dir='ltr'><em>D</em></span> 
     </span>
    </p>
   </div>
   <div class='ocr_carea' id='block_1_10' title="bbox 317 4242 1622 4386">
    <p class='ocr_par' dir='ltr' id='par_1_15' title="bbox 317 4242 1622 4386">
     <span class='ocr_line' id='line_1_39' title="bbox 317 4242 1622 4311; baseline 0.006 -20"><span class='ocrx_word' id='word_1_413' title='bbox 317 4242 350 4292; x_wconf 78' lang='lat' dir='ltr'><strong>lu</strong></span> <span class='ocrx_word' id='word_1_414' title='bbox 368 4245 543 4311; x_wconf 81' lang='lat' dir='ltr'><strong>unaedemque</strong></span> <span class='ocrx_word' id='word_1_415' title='bbox 561 4248 587 4297; x_wconf 93' lang='lat' dir='ltr'><em>B</em></span> <span class='ocrx_word' id='word_1_416' title='bbox 676 4248 709 4300; x_wconf 84' lang='grc'><strong>18</strong></span> <span class='ocrx_word' id='word_1_417' title='bbox 728 4255 766 4299; x_wconf 84' lang='lat' dir='ltr'><strong>est</strong></span> <span class='ocrx_word' id='word_1_418' title='bbox 783 4246 829 4301; x_wconf 80' lang='lat' dir='ltr'><strong>orvi.</strong></span> <span class='ocrx_word' id='word_1_419' title='bbox 848 4248 879 4300; x_wconf 86' lang='lat' dir='ltr'><em>K</em></span> <span class='ocrx_word' id='word_1_420' title='bbox 946 4244 1108 4301; x_wconf 79' lang='lat' dir='ltr'><strong>inueniuntur</strong></span> <span class='ocrx_word' id='word_1_421' title='bbox 1125 4250 1228 4301; x_wconf 84' lang='lat' dir='ltr'><em>BHGL</em></span> <span class='ocrx_word' id='word_1_422' title='bbox 1300 4249 1397 4299; x_wconf 87' lang='lat' dir='ltr'><strong>similia</strong></span> <span class='ocrx_word' id='word_1_423' title='bbox 1415 4250 1577 4299; x_wconf 78' lang='lat' dir='ltr'><strong>inueniuntur</strong></span> <span class='ocrx_word' id='word_1_424' title='bbox 1594 4249 1622 4299; x_wconf 91' lang='lat' dir='ltr'><em>K</em></span> 
     </span>
     <span class='ocr_line' id='line_1_40' title="bbox 363 4310 1620 4386; baseline 0.006 -25"><span class='ocrx_word' id='word_1_425' title='bbox 363 4310 396 4363; x_wconf 83' lang='grc'><strong>19</strong></span> <span class='ocrx_word' id='word_1_426' title='bbox 406 4324 468 4378; x_wconf 86' lang='lat' dir='ltr'><strong>post</strong></span> <span class='ocrx_word' id='word_1_427' title='bbox 486 4317 610 4367; x_wconf 81' lang='lat' dir='ltr'><strong>burusa</strong></span> <span class='ocrx_word' id='word_1_428' title='bbox 629 4318 799 4368; x_wconf 81' lang='lat' dir='ltr'><strong>buicaedd.</strong></span> <span class='ocrx_word' id='word_1_429' title='bbox 820 4322 845 4369; x_wconf 88' lang='grc' dir='ltr'><em>Β</em></span> <span class='ocrx_word' id='word_1_430' title='bbox 915 4328 941 4371; x_wconf 90' lang='lat' dir='ltr'><strong>nt</strong></span> <span class='ocrx_word' id='word_1_431' title='bbox 956 4320 1005 4371; x_wconf 90' lang='lat' dir='ltr'><strong>hoc</strong></span> <span class='ocrx_word' id='word_1_432' title='bbox 1023 4320 1099 4386; x_wconf 88' lang='lat' dir='ltr'><strong>alpha</strong></span> <span class='ocrx_word' id='word_1_433' title='bbox 1119 4321 1147 4369; x_wconf 94' lang='lat' dir='ltr'><em>K</em></span> <span class='ocrx_word' id='word_1_434' title='bbox 1199 4318 1294 4369; x_wconf 77' lang='lat' dir='ltr'><strong>allah</strong></span> <span class='ocrx_word' id='word_1_435' title='bbox 1350 4319 1437 4369; x_wconf 78' lang='lat' dir='ltr'><strong>allah</strong></span> <span class='ocrx_word' id='word_1_436' title='bbox 1494 4318 1620 4385; x_wconf 80' lang='lat' dir='ltr'><strong>hierit</strong></span> 
     </span>
    </p>
   </div>
   <div class='ocr_carea' id='block_1_11' title="bbox 314 4432 1787 4836">
    <p class='ocr_par' dir='ltr' id='par_1_16' title="bbox 315 4432 1618 4519">
     <span class='ocr_line' id='line_1_41' title="bbox 315 4432 1618 4519; baseline 0.004 -36"><span class='ocrx_word' id='word_1_437' title='bbox 315 4432 339 4483; x_wconf 79' lang='grc' dir='ltr'><em>Β</em></span> <span class='ocrx_word' id='word_1_438' title='bbox 408 4434 499 4487; x_wconf 87' lang='lat' dir='ltr'><strong>burum</strong></span> <span class='ocrx_word' id='word_1_439' title='bbox 516 4445 641 4500; x_wconf 83' lang='lat' dir='ltr'><strong>quantuor</strong></span> <span class='ocrx_word' id='word_1_440' title='bbox 656 4438 696 4488; x_wconf 83' lang='lat' dir='ltr'><strong>Kr</strong></span> <span class='ocrx_word' id='word_1_441' title='bbox 772 4438 806 4489; x_wconf 82' lang='lat'><strong>20</strong></span> <span class='ocrx_word' id='word_1_442' title='bbox 833 4438 909 4488; x_wconf 88' lang='lat' dir='ltr'><strong>buius</strong></span> <span class='ocrx_word' id='word_1_443' title='bbox 932 4440 1029 4505; x_wconf 74' lang='lat' dir='ltr'><strong>gummi</strong></span> <span class='ocrx_word' id='word_1_444' title='bbox 1048 4440 1109 4491; x_wconf 78' lang='lat' dir='ltr'><strong>add.</strong></span> <span class='ocrx_word' id='word_1_445' title='bbox 1124 4456 1139 4487; x_wconf 86' lang='lat' dir='ltr'><strong>r</strong></span> <span class='ocrx_word' id='word_1_446' title='bbox 1171 4504 1176 4519; x_wconf 62' lang='lat'><strong>,</strong></span> <span class='ocrx_word' id='word_1_447' title='bbox 1220 4438 1295 4489; x_wconf 86' lang='lat' dir='ltr'><strong>buius</strong></span> <span class='ocrx_word' id='word_1_448' title='bbox 1314 4452 1422 4501; x_wconf 86' lang='lat' dir='ltr'><strong>nequam</strong></span> <span class='ocrx_word' id='word_1_449' title='bbox 1441 4440 1467 4487; x_wconf 85' lang='lat' dir='ltr'><strong>in</strong></span> <span class='ocrx_word' id='word_1_450' title='bbox 1487 4454 1533 4504; x_wconf 75' lang='lat' dir='ltr'><strong>vap.</strong></span> <span class='ocrx_word' id='word_1_451' title='bbox 1554 4439 1618 4490; x_wconf 84' lang='lat' dir='ltr'><strong>add.</strong></span> 
     </span>
    </p>

    <p class='ocr_par' dir='ltr' id='par_1_17' title="bbox 317 4520 1549 4640">
     <span class='ocr_line' id='line_1_42' title="bbox 317 4520 1549 4640; baseline 0.004 -21"><span class='ocrx_word' id='word_1_452' title='bbox 317 4569 342 4619; x_wconf 82' lang='lat' dir='ltr'><em>L</em></span> <span class='ocrx_word' id='word_1_453' title='bbox 361 4568 440 4621; x_wconf 87' lang='lat' dir='ltr'><strong>buius</strong></span> <span class='ocrx_word' id='word_1_454' title='bbox 460 4571 520 4623; x_wconf 89' lang='lat' dir='ltr'><strong>huic</strong></span> <span class='ocrx_word' id='word_1_455' title='bbox 542 4574 692 4635; x_wconf 86' lang='lat' dir='ltr'><strong>naquamD</strong></span> <span class='ocrx_word' id='word_1_456' title='bbox 771 4526 813 4625; x_wconf 75' lang='lat' dir='ltr'><strong>hii</strong></span> <span class='ocrx_word' id='word_1_457' title='bbox 826 4520 900 4639; x_wconf 61' lang='grc' dir='ltr'><strong>Ιὶ(ἶιιοι</strong></span> <span class='ocrx_word' id='word_1_458' title='bbox 918 4574 958 4625; x_wconf 81' lang='lat' dir='ltr'><strong>liv</strong></span> <span class='ocrx_word' id='word_1_459' title='bbox 984 4520 1104 4638; x_wconf 46' lang='lat' dir='ltr'><strong>bilbiiot</strong></span> <span class='ocrx_word' id='word_1_460' title='bbox 1121 4574 1166 4624; x_wconf 83' lang='lat' dir='ltr'><strong>Kla</strong></span> <span class='ocrx_word' id='word_1_461' title='bbox 1254 4576 1285 4626; x_wconf 90' lang='grc'><strong>21</strong></span> <span class='ocrx_word' id='word_1_462' title='bbox 1318 4522 1487 4640; x_wconf 58' lang='lat' dir='ltr'><strong>norlbhllivir</strong></span> <span class='ocrx_word' id='word_1_463' title='bbox 1504 4575 1549 4625; x_wconf 83' lang='lat' dir='ltr'><strong>Klr</strong></span> 
     </span>
    </p>

    <p class='ocr_par' dir='ltr' id='par_1_18' title="bbox 314 4657 1787 4836">
     <span class='ocr_line' id='line_1_43' title="bbox 314 4657 1787 4794; baseline 0.006 -40"><span class='ocrx_word' id='word_1_464' title='bbox 314 4704 437 4772; x_wconf 87' lang='lat' dir='ltr'><strong>plurima]</strong></span> <span class='ocrx_word' id='word_1_465' title='bbox 457 4707 560 4758; x_wconf 89' lang='lat' dir='ltr'><strong>uomina</strong></span> <span class='ocrx_word' id='word_1_466' title='bbox 579 4708 605 4757; x_wconf 78' lang='lat' dir='ltr'><em>A</em></span> <span class='ocrx_word' id='word_1_467' title='bbox 676 4710 726 4759; x_wconf 89' lang='lat' dir='ltr'><strong>nisi</strong></span> <span class='ocrx_word' id='word_1_468' title='bbox 736 4710 819 4760; x_wconf 86' lang='lat' dir='ltr'><strong>&#39;eaK</strong></span> <span class='ocrx_word' id='word_1_469' title='bbox 903 4713 937 4761; x_wconf 83' lang='lat'><strong>22</strong></span> <span class='ocrx_word' id='word_1_470' title='bbox 955 4657 1049 4780; x_wconf 72' lang='lat' dir='ltr'><strong>adgrecit</strong></span> <span class='ocrx_word' id='word_1_471' title='bbox 1067 4711 1105 4761; x_wconf 85' lang='lat' dir='ltr'><strong>Bb</strong></span> <span class='ocrx_word' id='word_1_472' title='bbox 1189 4714 1222 4764; x_wconf 83' lang='grc'><strong>24</strong></span> <span class='ocrx_word' id='word_1_473' title='bbox 1240 4714 1397 4794; x_wconf 84' lang='lat' dir='ltr'><strong>monoptota]</strong></span> <span class='ocrx_word' id='word_1_474' title='bbox 1418 4728 1468 4763; x_wconf 90' lang='lat' dir='ltr'><strong>nou</strong></span> <span class='ocrx_word' id='word_1_475' title='bbox 1488 4722 1574 4780; x_wconf 81' lang='lat' dir='ltr'><strong>aptota</strong></span> <span class='ocrx_word' id='word_1_476' title='bbox 1593 4711 1617 4760; x_wconf 78' lang='lat' dir='ltr'><em>A</em></span> <span class='ocrx_word' id='word_1_477' title='bbox 1786 4698 1787 4763; x_wconf 87' lang='lat' dir='ltr'><strong>l</strong></span> 
     </span>
     <span class='ocr_line' id='line_1_44' title="bbox 394 4776 1787 4836; baseline 0.003 -9"><span class='ocrx_word' id='word_1_478' title='bbox 394 4776 428 4827; x_wconf 83' lang='grc'><strong>25</strong></span> <span class='ocrx_word' id='word_1_479' title='bbox 457 4776 589 4826; x_wconf 81' lang='lat' dir='ltr'><strong>dumtaxat</strong></span> <span class='ocrx_word' id='word_1_480' title='bbox 614 4793 650 4828; x_wconf 76' lang='lat' dir='ltr'><strong>ex</strong></span> <span class='ocrx_word' id='word_1_481' title='bbox 671 4780 797 4829; x_wconf 72' lang='lat' dir='ltr'><strong>duntaxat</strong></span> <span class='ocrx_word' id='word_1_482' title='bbox 820 4794 888 4829; x_wconf 81' lang='lat' dir='ltr'><strong>corr</strong></span> <span class='ocrx_word' id='word_1_483' title='bbox 908 4780 937 4829; x_wconf 87' lang='lat' dir='ltr'><em>H</em></span> <span class='ocrx_word' id='word_1_484' title='bbox 1005 4783 1145 4832; x_wconf 87' lang='lat' dir='ltr'><strong>uariaetate</strong></span> <span class='ocrx_word' id='word_1_485' title='bbox 1166 4782 1190 4832; x_wconf 84' lang='lat' dir='ltr'><em>R</em></span> <span class='ocrx_word' id='word_1_486' title='bbox 1213 4784 1320 4833; x_wconf 81' lang='lat' dir='ltr'><strong>ueritate</strong></span> <span class='ocrx_word' id='word_1_487' title='bbox 1339 4784 1368 4836; x_wconf 90' lang='lat' dir='ltr'><em>K</em></span> <span class='ocrx_word' id='word_1_488' title='bbox 1436 4784 1470 4834; x_wconf 81' lang='grc'><strong>’211</strong></span> <span class='ocrx_word' id='word_1_489' title='bbox 1490 4786 1556 4831; x_wconf 87' lang='lat' dir='ltr'><strong>sieut</strong></span> <span class='ocrx_word' id='word_1_490' title='bbox 1573 4782 1618 4831; x_wconf 84' lang='lat' dir='ltr'><strong>de·</strong></span> <span class='ocrx_word' id='word_1_491' title='bbox 1786 4784 1787 4789; x_wconf 77' lang='grc'>’</span> 
     </span>
    </p>
   </div>
   <div class='ocr_carea' id='block_1_12' title="bbox 314 4806 1787 4903">
    <p class='ocr_par' dir='ltr' id='par_1_19' title="bbox 314 4806 1787 4903">
     <span class='ocr_line' id='line_1_45' title="bbox 314 4806 1787 4903; baseline 0.003 -8"><span class='ocrx_word' id='word_1_492' title='bbox 314 4844 478 4897; x_wconf 87' lang='lat' dir='ltr'><strong>eliuabilibus</strong></span> <span class='ocrx_word' id='word_1_493' title='bbox 502 4846 578 4897; x_wconf 78' lang='lat' dir='ltr'><em>GLK</em></span> <span class='ocrx_word' id='word_1_494' title='bbox 612 4849 680 4897; x_wconf 87' lang='lat' dir='ltr'><strong>sicut</strong></span> <span class='ocrx_word' id='word_1_495' title='bbox 709 4848 900 4900; x_wconf 86' lang='lat' dir='ltr'><strong>indeclinabilia</strong></span> <span class='ocrx_word' id='word_1_496' title='bbox 919 4850 944 4897; x_wconf 86' lang='lat' dir='ltr'><em>A</em></span> <span class='ocrx_word' id='word_1_497' title='bbox 1052 4854 1084 4902; x_wconf 87' lang='grc'><strong>21</strong></span> <span class='ocrx_word' id='word_1_498' title='bbox 1121 4868 1166 4903; x_wconf 87' lang='lat' dir='ltr'><strong>sex</strong></span> <span class='ocrx_word' id='word_1_499' title='bbox 1193 4852 1254 4901; x_wconf 85' lang='lat' dir='ltr'><strong>add.</strong></span> <span class='ocrx_word' id='word_1_500' title='bbox 1273 4870 1288 4902; x_wconf 84' lang='lat' dir='ltr'><strong>r</strong></span> <span class='ocrx_word' id='word_1_501' title='bbox 1370 4868 1444 4903; x_wconf 84' lang='lat' dir='ltr'><strong>casus</strong></span> <span class='ocrx_word' id='word_1_502' title='bbox 1473 4866 1617 4903; x_wconf 86' lang='lat' dir='ltr'><strong>seruamus.</strong></span> <span class='ocrx_word' id='word_1_503' title='bbox 1786 4806 1787 4855; x_wconf 50' lang='lat' dir='ltr'><strong>i</strong></span> 
     </span>
    </p>
   </div>
   <div class='ocr_carea' id='block_1_13' title="bbox 0 0 1818 5584">
    <p class='ocr_par' dir='ltr' id='par_1_20' title="bbox 0 0 1818 5584">
     <span class='ocr_line' id='line_1_46' title="bbox 0 0 1818 5584; baseline 0 0"><span class='ocrx_word' id='word_1_504' title='bbox 0 0 1818 5584; x_wconf 95' lang='lat' dir='ltr'><strong> </strong></span> 
     </span>
    </p>
   </div>
  </div>
 </body>
</html>
