3600 5584
323 407 379 450 xxu
868 385 1077 448 PRAEFATIO

325 573 470 637 continet
494 577 630 655 uterque
655 566 863 634 Priscianum
880 570 1038 634 minorem
1060 593 1146 643 saec,
1170 570 1206 634 X
1227 569 1443 656 descriptum,
1472 567 1556 632 alter
1575 569 1627 656 (S)

324 679 399 760 post
420 672 530 736 varias
553 692 638 736 saec.
658 670 692 736 X
710 681 743 736 et
762 669 851 736 XIII
874 671 1081 737 membranas
1104 671 1347 758 conglutinatas
1368 669 1393 734 f.
1415 671 1539 733 891-
1554 673 1625 753 104,

324 773 408 838 alter
431 770 490 858 (N)
518 782 593 860 post
615 773 778 839 Prisciani
801 773 954 838 volumen
979 775 1086 838 maius
1109 783 1142 838 et
1159 773 1268 859 ipsum
1290 792 1375 835 saec.
1395 772 1439 835 X.
1461 773 1625 859 conscrip-

209 875 223 887 '
324 882 395 939 tum
417 872 440 939 f.
464 875 532 938 arv
554 911 598 922 -
620 877 680 939 109
688 899 721 942 v.
748 875 842 941 deest
869 884 980 940 tamen
1007 875 1056 939 illi
1081 876 1186 939 maior
1205 895 1282 961 pars
1307 872 1385 937 libri
1406 871 1527 936 XVIII
1548 873 1626 938 inde

326 997 346 1038 a
366 997 457 1042 vocc.
480 972 624 1039 ‘clausus
645 976 688 1039 sit
708 974 762 1041 vel
778 983 859 1041 esto'
885 979 905 1058 ἕ
927 981 986 1068 74,
1009 975 1063 1040 hic
1082 999 1142 1063 per
1163 984 1343 1040 extremam
1363 983 1491 1061 partem
1507 974 1585 1039 inde
1605 975 1646 1039 a'

325 1083 346 1161 ξ
372 1082 431 1142 157
454 1077 583 1142 Graeca
604 1078 735 1152 omnino
757 1079 877 1143 omittit
899 1101 937 1143 eo
959 1099 1064 1164 usque
1083 1077 1165 1141 satis
1186 1077 1306 1142 vitiose
1324 1075 1448 1141 addita.
1504 1077 1625 1140 utrius-

326 1203 390 1270 que
411 1179 489 1244 libri
507 1177 680 1259 lectiones,
703 1181 853 1264 quamvis
875 1186 907 1244 N
919 1177 1100 1265 singularia
1120 1178 1282 1265 quaedam
1300 1177 1471 1264 praebeat,
1494 1199 1626 1266 corrup-

325 1283 425 1348 tionis
459 1273 636 1345 crescentis
669 1282 834 1366 specimen
866 1281 975 1369 potius
1008 1302 1105 1368 quam
1140 1278 1339 1345 emendandi
1374 1280 1626 1345 instrumentum

322 1383 556 1473 praebuerunt.

412 1483 662 1570 Aliquantulum
680 1483 803 1548 maiore
826 1504 899 1548 cum
919 1483 1030 1549 fructu
1048 1503 1128 1547 usus
1152 1505 1224 1546 sum
1245 1483 1279 1567 t)
1303 1483 1407 1548 variis
1430 1482 1626 1550 lectionibus

327 1609 371 1653 ex
394 1585 466 1650 cod.
493 1584 590 1650 bibl.
620 1586 708 1672 imp.
731 1584 954 1651 Parisinae
978 1587 1077 1649 7499
1106 1584 1157 1670 (0)
1173 1589 1198 1622 ⁸²
1228 1607 1249 1647 a
1271 1585 1443 1650 Theodoro
1464 1584 1628 1651 Presselio

327 1689 468 1752 enotatis
479 1687 623 1773 mihique
637 1688 812 1752 concessis.
848 1686 902 1751 hie
912 1685 997 1750 enim
1008 1686 1103 1771 liber,
1123 1686 1200 1752 olim
1212 1687 1409 1769 Puteaneus,
1427 1687 1484 1774 qui
1499 1696 1630 1774 praeter

328 1789 491 1853 Prisciani
516 1787 556 1851 de
581 1791 822 1853 construetione
854 1787 956 1852 libros
986 1810 1073 1852 saec.
1101 1787 1204 1852 VIIII
1227 1790 1366 1877 scriptos
1385 1789 1487 1855 habet
1506 1788 1628 1875 Eugei-

329 1890 418 1956 modi
437 1889 582 1978 episcopi
605 1891 768 1972 carmina,
791 1889 956 1955 Prisciani
975 1885 1171 1975 περιήγησιν,
1187 1889 1372 1976 Eutychem
1398 1914 1472 1956 cum
1496 1890 1629 1956 scholiis

328 1993 363 2054 in
382 1991 447 2056 fine
468 1988 635 2075 mutilum,
657 2013 677 2054 a
697 2013 778 2079 puro
798 1999 831 2056 et
846 1989 982 2080 limpido
999 1991 1099 2076 fonte,
1123 2013 1166 2057 ex
1180 2015 1244 2080 quo
1258 1997 1517 2076 BVmanarunt,
1539 1991 1628 2060 haud

328 2094 375 2157 ita
397 2090 493 2176 longe
515 2093 649 2158 recedit.
817 2175 820 2182 .
1605 2114 1611 2124 ·

413 2191 468 2256 Ex
483 2194 555 2281 ipso
574 2193 630 2259 illo
647 2191 737 2258 fonte
758 2193 954 2280 profluxisse
974 2196 1009 2282 5)
1022 2197 1105 2261 cod.
1120 2196 1412 2261 Monacensem
1428 2195 1513 2262 Lat.
1529 2199 1630 2262 28οΑ

328 2295 475 2380 membr,
492 2295 644 2360 foliorum
661 2295 785 2361 formae
803 2318 891 2360 max.
907 2297 977 2378 168,
999 2298 1132 2382 saeculi,
1148 2306 1185 2361 ut
1200 2295 1352 2384 equidem
1367 2298 1518 2382 arbitror,
1532 2298 1585 2363 XI
1595 2303 1629 2384 ⁰⁸,

329 2400 437 2487 ipsum
455 2395 533 2461 libri
553 2395 650 2460 huius
673 2403 902 2481 argumentum
924 2397 1040 2461 docere
1062 2406 1179 2485 potest.
1224 2398 1351 2464 duabus
1372 2399 1460 2474 enim
1478 2401 1630 2488 partibus

330 2499 436 2565 codex
457 2505 600 2562 constat:
630 2495 735 2561 altera
756 2505 806 2562 est
828 2496 1019 2563 Priscianus
1041 2500 1145 2566 maior
1165 2501 1267 2566 variis
1290 2499 1443 2566 manibus
1466 2506 1630 2592 conscrip-

329 2611 398 2684 tus,
421 2599 524 2664 altera
546 2597 660 2663 eodem
679 2596 748 2662 fere
770 2597 999 2686 opusculorum
1021 2624 1156 2689 corpore
1174 2605 1356 2689 composita
1374 2612 1443 2688 est,
1463 2606 1551 2691 quod
1572 2627 1632 2693 per

330 2703 469 2790 optimos
494 2699 617 2764 saeculi
647 2699 726 2763 noni
754 2698 855 2764 libros
882 2711 1098 2786 propagatum
1126 2705 1327 2768 invenimus:
1368 2708 1515 2771 continet
1543 2709 1631 2772 enim

329 2803 492 2871 Prisciani
513 2801 615 2866 libros
639 2799 680 2864 de
702 2802 944 2867 constructione
967 2801 1003 2866 Π
1030 2803 1069 2888 (f.
1096 2808 1186 2870 107v
1206 2841 1250 2855 -
1274 2807 1390 2894 1601),
1422 2806 1569 2872 eiusdem
1589 2808 1631 2873 de

222 2893 230 2913 ⁶
330 2905 445 2992 figuris
467 2921 692 2984 numerorum,
716 2899 757 2965 de
775 2905 888 2966 metris
911 2903 1074 2988 Terentii,
1103 2905 1143 2970 de
1162 2907 1535 2993 praeexercitaminibus
1557 2910 1631 2976 rhe-

331 3007 442 3074 toricis
464 3011 624 3069 tractatus
646 3001 684 3088 (f.
714 3005 796 3066 1601
817 3041 860 3052 —-
880 3007 939 3069 168
947 3004 995 3089 v),
1011 3007 1047 3070 in
1067 3015 1215 3072 extrema
1237 3007 1379 3096 denique
1406 3029 1483 3094 pag.
1523 3020 1630 3077 extre·

330 3129 403 3173 mae
422 3115 514 3195 parte
537 3105 666 3170 initium
688 3105 864 3169 commenti
883 3105 1062 3191 Rufiniani,
1083 3109 1119 3171 in
1139 3111 1233 3172 cuius
1252 3130 1342 3174 voce.
1360 3109 1508 3177 ‘Flavius
1525 3113 1633 3203 Caper

333 3213 367 3274 in
397 3209 537 3273 artibus’
565 3229 597 3294 p.
628 3207 711 3269 2707
735 3205 773 3269 P.
797 3205 930 3271 desinit.
985 3209 1029 3273 ad
1061 3208 1190 3274 Graeca
1216 3211 1365 3276 sananda
1385 3233 1539 3297 magnam
1559 3217 1630 3280 eius

332 3333 404 3376 esse
423 3308 596 3374 utilitatem
617 3308 848 3394 grammaticos
861 3307 1018 3374 docuerat
1035 3308 1200 3375 Leonardi
1216 3312 1385 3399 Spengelii
1400 3315 1514 3384 ‘index
1529 3315 1631 3382 Grae-

333 3433 444 3477 corum
465 3409 611 3476 locorum
637 3408 726 3496 apud
747 3407 952 3474 PrIscianum
976 3431 1060 3496 quae
1082 3420 1197 3476 extant
1219 3435 1261 3478 ex
1283 3415 1396 3479 codice
1416 3415 1632 3500 Monacensi’,

334 3513 421 3600 quod
450 3521 639 3600 pergratum
666 3509 942 3596 ‘supplementum
970 3511 1123 3576 editionis
1154 3513 1367 3580 Kreblianae’
1400 3516 1633 3584 Varroniano

333 3614 529 3699 adgregarat
540 3613 574 3676 ⁸⁴.
632 3633 672 3675 ao
701 3631 818 3676 revera
841 3611 884 3674 ad
912 3610 1068 3677 librorum
1088 3618 1154 3679 BV
1171 3619 1407 3704 praestantiam
1431 3640 1531 3706 prope
1557 3642 1632 3684 eum

335 3715 491 3780 accedere
520 3712 695 3802 probatum
719 3719 770 3776 est
796 3710 972 3777 collatione
999 3714 1041 3778 ab
1064 3713 1186 3782 Ottone
1207 3717 1329 3783 Heinio
1350 3741 1457 3785 meum
1478 3722 1513 3785 in
1534 3743 1632 3787 usum

335 3816 485 3882 sollerter
498 3815 659 3879 instituta.

418 3915 472 3980 Ex
500 3915 614 4002 eadem
635 3935 714 3980 vero
737 3911 904 4000 Spengelii
927 3919 1233 3984 commentatione‘⁸
1256 3921 1391 3987 edoctus
1419 3923 1524 3988 ‘hanc
1553 3923 1633 3989 alte-

333 4043 403 4086 ram
426 4018 588 4084 Prisciani
617 4024 745 4104 partem
775 4023 929 4102 quattuor
955 4017 1050 4082 codd.
1078 4018 1231 4086 collatam
1261 4023 1303 4088 ab
1326 4022 1447 4109 Anglis
1475 4025 1633 4090 insertam

334 4128 449 4186 extare
465 4141 572 4186 novae
595 4116 755 4205 Scapulae
777 4114 925 4181 editioni'
948 4119 971 4182 i.
987 4140 1015 4182 e.
1033 4121 1217 4189 Oxoniensi
1239 4148 1269 4189 a.
1295 4127 1376 4190 1820
1398 4127 1434 4190 in
1457 4125 1561 4191 lucem
1576 4127 1632 4191 da-

333 4232 398 4305 tae,
419 4223 476 4286 diu
497 4221 584 4286 hunc
606 4221 725 4286 librum
741 4217 830 4306 apud
851 4227 1015 4284 nostrates
1037 4222 1162 4288 frustra
1183 4228 1345 4312 quaesivi.
1375 4227 1493 4313 quade
1508 4250 1544 4292 re
1559 4249 1632 4292 cum

336 4325 434 4387 etiam
450 4323 654 4388 Friderieum
672 4319 887 4388 Ritschelium
912 4325 1016 4389 literis
1039 4325 1176 4411 adirem,
1202 4329 1231 4392 is
1252 4327 1334 4391 mihi
1352 4327 1536 4417 rescripsit,
1560 4329 1631 4392 eius

336 4423 413 4489 libri
435 4422 515 4489 folia
534 4446 618 4512 quae
640 4424 861 4489 desiderarem
883 4447 926 4489 ex
938 4425 1063 4511 Anglia
1090 4447 1111 4490 a
1128 4427 1251 4496 Iacobo
1263 4429 1446 4516 Bernaysio
1464 4436 1634 4514 asportata

337 4545 420 4589 esse.
475 4526 533 4612 qui
563 4533 738 4614 postquam
766 4526 921 4613 precibus
948 4529 1031 4593 meis
1060 4527 1160 4596 facile
1186 4532 1416 4619 obtemperans
1439 4528 1520 4594 folia
1552 4529 1634 4593 haec

404 4715 437 4767 92
456 4715 532 4765 catat.
552 4715 626 4767 codd.
645 4730 708 4765 mss.
726 4715 790 4766 bibl.
808 4732 863 4783 reg.
884 4725 949 4782 part.
968 4721 1002 4770 111
1019 4728 1082 4771 tom.
1099 4721 1134 4772 IV
1151 4737 1179 4787 p.
1198 4719 1250 4774 367
1333 4719 1368 4772 93
1385 4719 1410 4769 Χ
1427 4718 1525 4769 saecoli
1541 4731 1633 4768 seeun-

335 4802 396 4852 dum
415 4801 581 4870 Spangeltum
600 4801 616 4851 l.
636 4816 693 4852 sno.
714 4818 754 4865 sq.
775 4806 792 4855 l.
810 4822 838 4874 p.
858 4809 911 4860 603
979 4807 1014 4859 94
1032 4807 1066 4858 Μ.
1086 4807 1187 4858 Terenti
1203 4807 1327 4859 Varronis
1345 4808 1378 4858 de
1391 4805 1481 4873 lingua
1494 4803 1550 4890 ¹⁴3⁸·
1566 4818 1632 4867 ques

334 4897 472 4956 supersunt
490 4892 532 4944 ed.
552 4909 579 4958 p.
597 4889 755 4944 ota-658
824 4894 858 4947 95
877 4893 895 4942 l.
916 4908 1006 4944 comm.
1024 4907 1051 4957 p.
1070 4891 1122 4943 604
